2362 3756
97 167 98 171 '
163 191 204 250 ss
491 189 598 248 caro
620 188 774 249 aaaron.

204 344 291 403 XVI.
312 347 360 403 55.
382 345 506 402 Possum
519 343 655 422 persequi
670 344 763 402 murlta
779 343 993 402 oblectamenta
1005 365 1098 402 rerum

165 435 355 506 rusticarum
376 434 428 493 sed
447 453 482 492 ea
501 435 565 512 ipsa
577 453 651 512 quae
665 433 724 493 dixi
736 433 827 492 fuisse
848 433 943 492 sentio
963 433 1096 510 longiora.

165 524 329 602 Ignoscetis
350 529 464 596 autem3
484 531 596 582 namet
615 524 712 583 studio
732 543 830 582 rerum
850 523 1025 582 rusticarum
1037 543 1097 601 pro-

165 621 266 674 vectus
280 633 353 684 sum,
367 618 397 672 et
412 618 547 672 senectus
566 620 612 672 est
624 619 730 672 natura
742 612 896 690 loquacior,
909 632 948 671 ne
962 613 998 670 ab
1012 613 1098 670 omni·

164 704 220 764 bus
234 723 298 763 eam
310 703 388 762 vitiis
402 704 499 762 videar
511 703 664 762 vindicare.
705 703 783 780 Ergo
796 703 829 760 in
841 703 895 761 hac
907 702 968 760 vita
978 703 1098 762 Muca-

165 795 235 866 rlus,
249 813 337 872 quum
352 794 388 852 de
402 793 588 865 Samnitibus,
599 793 635 852 de
649 793 771 865 Sabinis,
786 793 822 852 de
836 793 948 870 Pyrrho
961 793 1099 870 triumph-

165 889 252 956 asset,
263 884 443 962 consumpsit
456 890 617 942 extremum
626 889 743 962 teme
756 883 879 954 aetatis;
892 882 976 960 cujus
986 883 1100 960 quidem

166 994 220 1052 ego
233 974 329 1034 villam
349 974 557 1052 contemplans,
571 974 654 1033 abest
673 960 750 1032 enim
770 993 832 1032 nou
850 973 937 1050 longe
955 993 1039 1044 ame,
1054 973 1100 1032 ad·

165 1065 264 1123 mirari
282 1063 352 1124 satis
371 1085 433 1124 non
452 1083 570 1142 possum
583 1064 629 1123 vel
642 1063 767 1122 hominis
785 1063 877 1140 ipsius
893 1062 1101 1122 continentiam

165 1155 212 1214 vel
224 1159 388 1233 temporum
402 1154 590 1232 disciplinam.
632 1153 722 1212 Ourio
735 1153 773 1212 ad
784 1153 879 1212 focum
899 1152 1012 1211 sedenti
1025 1173 1101 1229 mag·

165 1264 238 1304 num
260 1245 323 1304 auri
346 1245 460 1324 pondus
483 1244 627 1303 Samnites
648 1263 738 1321 quum
759 1243 937 1315 attulissent,
958 1242 1103 1320 repudiati

167 1341 254 1410 sunt3
267 1335 416 1394 nonenim
431 1355 533 1394 aurum
546 1333 652 1393 habere
663 1333 841 1411 praeclarum
855 1333 911 1392 sibi
920 1332 1011 1391 videri
1021 1332 1102 1406 dixit,

167 1427 220 1487 sed
245 1426 287 1486 eia
311 1425 361 1504 qui
384 1425 525 1484 haberent
548 1444 652 1483 aurum
673 1423 823 1501 imperare.
870 1425 918 1481 56.
946 1423 1103 1482 Poteratne

166 1522 268 1576 tantus
287 1517 400 1576 animus
420 1536 482 1576 non
501 1515 613 1573 efficere
623 1513 783 1592 jucundam
799 1512 1006 1572 senectutem?
1046 1511 1104 1572 Sed

166 1607 250 1666 venio
264 1607 300 1666 ad
313 1607 461 1684 agricolas,
474 1625 513 1664 ne
526 1625 544 1664 a
557 1604 680 1682 meipso
696 1603 836 1662 recedam.
877 1603 917 1661 In
930 1603 1006 1680 agria
1020 1608 1105 1662 erant

166 1703 232 1756 tum
246 1702 403 1769 senatores,
416 1695 447 1754 id
463 1701 509 1754 est
529 1714 633 1765 senes;
654 1693 795 1772 siquidem
808 1693 904 1752 aranti
917 1694 952 1752 L.
965 1693 1104 1767 Quinctio

169 1787 343 1848 Cincinnato
367 1785 536 1844 nuntiatum
556 1790 602 1843 est
623 1803 691 1843 eum
710 1785 881 1844 dictatorem
901 1803 965 1842 esse
985 1783 1104 1857 factum,

167 1877 251 1957 cujus
266 1875 414 1936 dictatoris
425 1875 512 1954 jussu
524 1874 663 1952 magister
676 1874 806 1952 equitum
820 1875 852 1933 Ο.
863 1873 999 1933 Servilius
1010 1874 1107 1933 Ahala

168 1971 216 2048 Sp.
231 1966 373 2027 Maelium
394 1985 518 2043 regnum
540 1969 727 2044 appetentem
750 1969 924 2043 occupatum
945 1963 1105 2022 interemit.

166 2156 209 2204 the
224 2153 331 2216 plsutiug
352 2153 380 2200 of
399 2153 478 2201 stacta
496 2167 523 2201 or
539 2167 620 2215 young
651 2153 770 2210 situation,
790 2151 908 2214 ‘praedis’
934 2167 974 2198 are
995 2150 1106 2198 ‘metica'

166 2219 302 2267 iruittreea.
330 2215 481 2265 ‘lusitiouas'
491 2218 512 2264 is
522 2216 619 2278 ingruit·
650 2230 678 2262 or
699 2215 821 2262 ‘urbana'
863 2215 887 2262 A
909 2215 1016 2275 building
1036 2229 1070 2261 ou
1091 2229 1107 2261 a

166 2283 215 2344 ing,
233 2281 280 2328 aud
299 2281 400 2342 perhaps
413 2281 509 2342 puttiug
524 2281 550 2327 in
565 2293 619 2340 eyes
651 2279 787 2340 ‘praedium
805 2277 927 2324 raatieum'
943 2279 964 2325 is
981 2276 1106 2326 a‘villaz’

167 2346 230 2402 also;
246 2344 306 2392 both
323 2344 399 2390 which
416 2345 621 2405 operatiouswere
651 2355 683 2388 ou
704 2357 719 2388 a
740 2341 876 2402 ‘praedium
896 2340 1021 2388 urbanum’
1043 2342 1066 2389 it
1085 2342 1108 2389 is

166 2409 220 2456 well
236 2409 323 2456 known
340 2412 366 2454 to
384 2407 479 2454 Roman
489 2407 619 2466 gurdeuers.
652 2403 753 2452 ‘aedes'
785 2404 874 2465 Aspot
884 2404 912 2451 of
925 2404 1016 2464 ground
1027 2404 1055 2452 iu
1064 2405 1109 2452 the

167 2471 237 2528 ovid.
254 2471 316 2518 Mat.
332 2471 378 2518 xiv.
398 2471 459 2527 6³03
480 2470 545 2530 Virg.
562 2469 620 2516 Geo.
651 2467 1107 2528 couuuywithoutbuildlugsis‘agers'

166 2535 192 2582 ii.
203 2537 249 2591 7⁸3
266 2534 348 2590 Vama,
360 2534 398 2581 De
409 2533 439 2579 R.
452 2533 482 2579 R.
493 2533 509 2578 i.
522 2535 560 2580 40.
651 2530 769 2577 inatosm
779 2545 795 2576 a
804 2531 870 2590 plsee
880 2531 978 2577 without
986 2529 1109 2592 buildings

202 2599 239 2645 lc.
259 2596 360 2657 Vallum]
395 2595 557 2655 Tbeweulthy
571 2594 620 2640 Ro·
650 2591 767 2640 is‘area.'
800 2593 917 2655 (Dipto,
932 2594 969 2640 tit.
983 2594 1020 2650 16,
1033 2596 1108 2651 a27,

167 2673 235 2706 maus
251 2660 299 2706 had
315 2659 377 2706 their
393 2658 477 2704 ‘villae
492 2655 619 2713 urbuuser'
653 2655 785 2719 llaall.)
817 2657 869 2703 Tha
885 2656 949 2704 word
965 2656 1043 2704 ‘villa'
1063 2657 1110 2706 has

167 2722 243 2769 either
255 2721 369 2769 donchad
379 2725 480 2781 country
489 2720 583 2776 houses,
594 2733 621 2765 or
651 2719 693 2766 the
713 2733 857 2780 appearance
877 2719 905 2766 ol
922 2735 938 2766 a
958 2719 1109 2777 diminutive,

167 2784 310 2846 thepartof
321 2781 621 2830 avillawhiohwasinha·
651 2782 743 2842 though
753 2781 849 2830 Varro's
865 2782 961 2844 implied
975 2782 1111 2831 deriuatiou

167 2846 327 2908 bitedbythe
340 2847 472 2908 proprietor
485 2859 532 2891 was
547 2844 621 2892 called
652 2845 680 2892 of
702 2845 722 2892 it
743 2845 803 2892 hom
826 2845 908 2892 ‘veho’
930 2846 950 2892 is
971 2846 1077 2908 perhaps
1095 2861 1112 2894 a

168 2908 332 2970 ‘urbuua’by
347 2908 439 2970 wayof
451 2907 621 2968 oppositiouto
652 2907 759 2955 miatslra.
793 2908 844 2968 (De
855 2908 1024 2970 hiuplsstv.
1037 2909 1093 2971 36.)

166 2973 209 3020 the
230 2973 300 3020 ‘villa
324 2970 428 3028 rustica,'
455 2971 497 3018 the
517 2975 571 3032 part
595 2971 621 3017 iu
687 2971 770 3032 taric]
805 2971 857 3019 'l'he
873 2973 1113 3033 ssmestoryistcld

128 3059 130 3066 ν
166 3035 244 3083 which
260 3035 302 3082 the
320 3033 442 3091 ‘alliena'
460 3048 487 3081 or
502 3035 544 3080 the
554 3048 620 3081 over-
652 3033 685 3094 by
697 3035 807 3080 Plutarch
826 3034 891 3096 (Cat.
907 3034 967 3096 Msj.
978 3049 1000 3082 c.
1011 3034 1039 3098 2)
1061 3036 1113 3084 and

167 3097 325 3146 searreaided.
359 3096 465 3144 ‘Solum'
483 3097 504 3143 is
521 3097 563 3144 the
578 3111 619 3160 ge·
650 3096 762 3158 byother
771 3098 868 3145 writers.

167 3159 500 3221 ueraltermfor⁴ground.'
534 3160 619 3207 ‘Prae-
682 3160 800 3221 Iaupsis]
836 3159 1115 3221 ‘Iusgris’isiuthe

167 3222 241 3271 diuus'
254 3224 300 3271 isa
310 3223 405 3284 porticu
414 3223 441 3270 ol
455 3221 564 3270 ‘solum'
596 3222 620 3270 A
651 3227 758 3284 manu-y,
769 3223 1070 3271 ‘mri.'-‘ialestsenes=’
1084 3240 1116 3272 or

166 3285 620 3409 surrecturam
798 3285 883 3344 a...
902 3301 929 3334 ··

167 3411 222 3460 ola
240 3410 360 3459 ‘luudua'
392 3411 461 3459 With
481 3414 573 3472 respect
593 3413 619 3458 to
686 3410 845 3472 Oroanna]
881 3410 1119 3464 §aususausus
