2372 3758
304 185 365 242 sn
388 184 592 258 quinrun
611 184 820 242 ronanam.
867 217 872 224 -
975 185 1032 246 173
1108 261 1113 271 ι

89 339 331 410 eruditissimum,
345 343 451 397 natura
473 343 570 396 autem
588 339 631 397 ita
652 359 791 398 resonans
811 346 846 398 ut
864 360 956 418 usque
967 341 1032 414 ¹Ro·

89 449 167 488 mam
181 429 408 506 significationes
418 448 559 506 vocesque
573 430 746 500 referantur,
757 431 908 502 contende,
918 451 1031 508 quaeso,

88 525 178 597 atque
200 520 317 578 elabora
338 539 399 576 non
419 519 504 576 modo
519 524 553 576 ut
574 519 619 576 his
639 519 727 577 rebus
748 519 852 596 dignus
870 520 960 580 fuisse
981 521 1032 580 sed

88 610 177 668 etiarn
192 615 228 668 ut
241 610 292 666 illa
305 609 401 666 omnia
413 608 473 666 tuis
487 608 598 666 artibus
613 629 763 686 superasse
776 609 898 668 videare.

127 700 200 758 XV.
220 703 270 757 43.
291 685 343 756 Et
356 698 493 774 quoniam
515 698 586 755 mihi
607 718 690 757 casus
712 699 852 757 urbanam
874 700 906 758 in
929 701 1031 778 magis·

87 791 216 848 tratibus
237 787 519 872 administrationem
538 788 582 846 rei
599 789 739 866 publicae,
758 789 813 847 tibi
830 791 1031 867 provincialem

89 881 178 950 dedit,
193 879 219 938 si
231 899 298 936 mea
310 897 377 955 pars
397 878 507 936 nemini
526 879 611 949 cedit,
625 879 670 937 fac
685 884 719 936 ut
732 885 784 937 tua
798 885 910 940 ceteros
923 882 1029 940 vincat.

89 970 183 1028 Simul
197 975 228 1028 et
240 969 315 1026 illud
329 968 432 1044 cogita,
446 988 500 1026 nos
514 988 574 1026 non
589 969 624 1026 de
644 968 754 1046 reliqua
767 975 798 1027 et
812 976 927 1046 sperata
940 971 1031 1048 gloria

84 1061 144 1137 jam
169 1059 313 1129 laborare,
329 1058 379 1116 sed
401 1058 437 1115 de
458 1063 543 1135 parta
565 1057 716 1129 dimicare3
747 1079 819 1136 quae
840 1061 955 1137 quidem
970 1081 1031 1120 non

88 1157 150 1206 tam
171 1147 336 1226 expetenda
357 1147 441 1204 nobis
460 1147 518 1204 fuit
538 1167 624 1224 quam
642 1149 752 1206 tuenda
765 1154 819 1206 est.
861 1149 906 1208 Ac
921 1149 946 1208 si
960 1151 1031 1210 mihi

89 1238 246 1316 quidquam
260 1242 339 1296 esset
352 1237 405 1294 abs
420 1242 452 1294 te
473 1243 645 1314 separatum,
659 1238 733 1296 nihil
751 1238 874 1316 amplius
889 1240 1029 1300 desidera

88 1349 150 1387 rem
163 1329 219 1386 hoo
234 1332 317 1385 statu
329 1326 380 1402 qui
392 1326 463 1384 mihi
472 1327 533 1404 jam
546 1333 648 1404 partus
662 1333 716 1386 est.
747 1329 779 1385 N
779 1348 837 1386 uno
847 1349 915 1387 vero
930 1330 971 1388 sio
983 1351 1030 1390 res

90 1438 152 1476 sese
177 1417 266 1474 habet
288 1421 332 1487 ut,
350 1415 408 1473 nisi
429 1416 525 1474 omnia
545 1422 598 1474 tua
620 1417 698 1476 facta
719 1422 806 1494 atque
828 1419 905 1476 dicta
922 1421 1030 1481 nostris

89 1510 176 1568 rebus
197 1508 288 1565 istinc
314 1506 518 1582 respondeant,
541 1527 594 1583 ego
617 1527 664 1564 me
688 1507 780 1564 tantis
801 1509 871 1566 meis
884 1498 1030 1570 laboribus

88 1599 239 1675 tantisque
259 1596 406 1674 periculis,
425 1585 546 1672 quorum
568 1602 602 1655 tu
623 1597 752 1655 omnium
772 1599 917 1677 particeps
938 1600 1029 1672 fuisti,

88 1688 163 1745 nihil
175 1691 365 1745 consecutum
380 1691 491 1762 putem.
527 1686 614 1760 Quod
628 1687 696 1744 siut
708 1689 914 1764 amplissimum
924 1710 1030 1748 nomen

89 1796 337 1854 consequeremur
349 1795 426 1834 unus
439 1780 555 1852 praeter
568 1781 680 1834 ceteros
701 1777 845 1854 adjuvisti,
860 1773 939 1838 certe
952 1779 1029 1838 idem

89 1873 124 1925 ut
147 1867 178 1924 id
201 1866 380 1924 retineamus
406 1870 522 1943 praeter
545 1871 656 1924 ceteros
681 1867 848 1926 elaborabis.
889 1870 960 1928 Non
984 1877 1029 1930 est

89 1957 145 2014 tibi
159 1957 204 2013 his
216 1956 285 2014 solis
297 1955 439 2012 utendum
449 1955 711 2014 existimationibus
722 1976 754 2014 ac
763 1957 880 2034 judiciis
891 1960 941 2036 qui
950 1980 1029 2019 nuno

90 2052 160 2104 suut
174 2045 333 2116 hominum,
348 2045 398 2103 sed
412 2045 448 2102 iis
462 2044 550 2103 etiam
569 2044 618 2122 qui
635 2045 729 2103 futuri
749 2051 835 2105 sunt:
857 2068 1028 2126 quamquem

123 2208 327 2268 signficationes]
369 2208 450 2255 Cicero
461 2208 545 2268 speaks
577 2207 604 2253 ol
618 2208 729 2265 Quintus,
740 2209 809 2254 when
822 2209 1026 2258 hewasacandi·

89 2271 116 2318 os
135 2287 150 2316 a
169 2271 321 2330 ‘significatio
343 2271 473 2330 probitatis'
496 2270 545 2330 (De
577 2270 631 2316 date
641 2271 678 2316 for
692 2271 733 2316 the
750 2273 891 2332 consulship.
925 2274 1027 2324 Quintus

89 2336 145 2380 Am.
158 2349 178 2380 ο.
190 2331 225 2394 9).
260 2331 426 2392 ‘significatio'
440 2347 546 2378 meansa
576 2333 700 2378 addressed
719 2338 745 2379 to
762 2333 799 2380 his
817 2335 913 2381 brother
929 2351 943 2381 a
961 2338 1027 2384 small

90 2397 142 2456 sign
163 2411 190 2442 or
210 2395 337 2441 indication
358 2396 386 2441 of
404 2395 543 2454 something.
577 2397 677 2449 treatim,
689 2396 737 2441 still
750 2401 838 2453 extant,
850 2399 947 2444 entitled
965 2403 979 2426 “
990 2400 1027 2446 De

92 2459 155 2506 Here
171 2459 192 2504 it
209 2459 229 2504 is
246 2458 288 2503 the
306 2457 369 2517 signs
387 2458 413 2503 of
424 2458 542 2518 applause,
576 2457 691 2504 Petitione
708 2458 874 2514 Consulatus‚''
892 2461 967 2506 which
981 2463 1001 2508 is
1012 2477 1027 2508 a

90 2521 200 2580 clapping
217 2520 275 2566 with
293 2521 334 2565 the
353 2520 435 2576 hands,
453 2521 499 2565 and
517 2535 543 2565 so
575 2521 638 2565 word
655 2521 682 2566 of
694 2521 773 2566 advice
791 2526 816 2566 ιο
833 2523 980 2570 acandidate
991 2525 1027 2572 for

90 2583 168 2638 iorth3
195 2583 232 2628 for
255 2581 345 2628 ‘voces'
367 2583 387 2628 is
409 2581 544 2628 mentioned
574 2583 616 2628 the
642 2583 740 2629 honour.
774 2584 830 2642 But,
851 2586 974 2646 according
1000 2593 1026 2634 to

90 2646 226 2706 separately.
245 2645 275 2690 In
284 2645 321 2690 Do
332 2645 385 2690 Am.
398 2659 417 2690 c.
428 2647 465 2700 la,
477 2645 544 2691 there
576 2645 663 2704 sapae,
675 2646 716 2692 the
734 2646 833 2692 allusion
847 2648 867 2694 is
881 2653 906 2693 to
918 2648 958 2694 the
970 2665 1025 2696 con-

89 2707 392 2767 is·signifieatiovirtutis.'
574 2709 664 2767 spiracy
682 2708 709 2754 ol
728 2709 828 2755 Catilina
855 2711 902 2756 and
924 2711 1025 2759 Cicero's

121 2772 170 2816 Ha
182 2770 263 2828 retas]
296 2770 401 2829 Appears
412 2775 437 2814 to
447 2768 506 2815 refer
516 2773 542 2814 to
574 2771 671 2816 services
682 2771 708 2816 in
718 2771 770 2817 that
781 2776 874 2818 matter.

91 2833 284 2892 ‘significationes
316 2831 452 2892 vocesque;'
496 2832 543 2877 and
610 2834 755 2892 Quamquam
771 2835 878 2895 illoram]
913 2835 1026 2885 Thinisa

91 2896 146 2940 ‘illa
164 2894 251 2940 omnia'
270 2902 295 2940 to
311 2895 372 2940 refer
384 2894 501 2954 generally
518 2899 543 2939 ιο
574 2895 635 2954 good
650 2897 756 2955 example
772 2897 800 2942 of
814 2897 939 2953 ‘illorumss
951 2915 977 2946 as
988 2916 1024 2946 re-

90 2958 143 3004 ‘his
163 2956 252 3011 retusl
275 2957 321 3001 and
337 2962 363 3002 to
381 2971 450 3016 every
468 2956 543 3016 praisa
574 2957 661 3016 forring
677 2963 701 3003 to
713 2959 775 3003 what
789 2959 809 3004 is
823 2960 848 3005 in
866 2963 952 3008 mental
970 2979 1024 3008 oon·

89 3019 431 3071 thatQuintushadmerited.
575 3020 713 3079 templation
739 3027 835 3076 remote,
862 3023 903 3068 the
930 3026 1026 3084 opinion

122 3085 160 3130 lo.
181 3083 303 3129 Urbanam
314 3084 339 3126 ia
350 3081 540 3140 magistratibus]
576 3087 591 3108 ‘⁸
602 3097 681 3127 eorum
693 3083 734 3142 qui
744 3083 817 3129 futuri
826 3086 906 3130 sunt.''
939 3087 1024 3133 Manu-

90 3143 192 3192 Cicero's
209 3144 341 3203 activityin
352 3143 544 3203 hispraetorship
576 3145 623 3189 tius
645 3144 700 3190 does
719 3152 761 3190 not
782 3161 821 3191 see
845 3148 907 3193 what
927 3154 1024 3208 ‘quam-

89 3209 135 3254 and
152 3209 189 3253 his
209 3206 344 3266 consulship
360 3221 422 3252 were
438 3205 545 3252 confined
576 3205 654 3266 quam'
667 3207 722 3252 here
732 3208 790 3254 adds
800 3213 825 3254 ιο
835 3209 1024 3268 theexpressiou.

90 3271 210 3316 tollome.
577 3269 615 3314 lle
636 3269 713 3314 would
734 3271 810 3328 prefer
838 3271 971 3330 ‘quoniam'
999 3286 1026 3317 or

124 3333 156 3379 Ut
179 3331 352 3390 amplissimum
373 3329 469 3388 wmen]
505 3329 544 3375 He
577 3329 709 3389 ‘namque'
732 3331 780 3376 But
791 3333 822 3376 all
832 3331 935 3390 depende
946 3333 1025 3376 onthe

90 3409 187 3456 appears
203 3399 229 3440 ιο
244 3393 322 3439 allude
337 3395 362 3438 to
376 3391 417 3436 the
428 3391 544 3438 exertions
575 3392 711 3438 translation
722 3392 749 3436 of
760 3397 766 3418 ⁶
776 3391 933 3452 quamquam‚'
945 3404 990 3436 one
1001 3390 1028 3436 of
1080 3393 1083 3402 ’
