2372 3758
426 191 514 250 GAP.
536 193 631 250 XIII.
652 193 740 252 XIV.
993 199 1051 256 loe

104 341 130 399 si
143 363 201 420 qua
214 344 390 421 significatio
402 345 521 404 virtutis
540 348 653 405 eluceat
674 347 711 405 ad
724 367 810 426 quam
830 367 861 406 se
875 348 977 410 similis
990 349 1050 408 aui·

103 453 170 492 mus
183 436 310 513 applicet
328 441 362 494 et
382 437 530 514 adjungat,
544 438 575 496 id
588 457 679 516 quum
698 438 851 513 contingit,
865 459 946 498 amor
959 439 1050 498 exori·

104 528 173 582 atur
189 546 308 585 necesso
330 531 387 584 est.
427 531 475 585 49.
498 527 577 600 Quid
600 528 679 586 enim
700 533 761 586 tam
784 529 942 587 absurdum
963 549 1050 606 quam

104 615 241 674 delectari
260 617 366 675 multis
385 615 521 676 inanibus
541 619 638 692 rebus,
652 623 689 676 ut
710 619 828 690 honore,
842 623 877 676 ut
897 620 996 695 gloria,
1013 625 1049 680 ut

105 706 240 778 aedificio,
251 713 288 764 ut
297 707 412 764 vestitu
422 708 559 784 cultuque
572 709 710 786 corporis,
721 709 817 767 animo
831 715 928 768 autem
939 710 1049 768 virtute

2 861 8 884 .
104 797 233 872 praedito
244 817 279 856 eo
290 797 343 874 qui
350 797 398 854 vel
406 817 509 869 amare,
517 799 570 871 vel,
581 804 616 857 ut
625 799 669 856 ita
679 799 779 872 dicam,
787 799 935 858 redamare
944 801 1047 878 possit,

104 905 165 944 non
179 887 338 945 admodum
352 887 516 946 delectari?
556 889 641 946 Nihil
654 893 700 946 est
718 889 796 946 enim
814 890 1047 950 remuneratione

104 975 332 1044 benevolentiae,
347 976 421 1033 nihil
434 977 632 1036 vicissitudine
650 978 814 1036 studiorum
832 979 1047 1056 officiorumque

100 1065 267 1141 jucundius.
309 1069 359 1123 50.
382 1065 469 1138 Quod
484 1067 510 1124 si
522 1067 595 1126 illud
613 1067 700 1126 etiam
717 1068 857 1141 addimus,
872 1069 956 1146 quod
967 1075 1047 1128 recte

104 1153 170 1212 addi
182 1159 290 1232 potest,
304 1154 381 1211 nihil
394 1174 456 1212 esse
470 1156 548 1232 quod
564 1157 603 1214 ed
619 1177 650 1214 se
668 1178 729 1216 rem
747 1157 837 1216 ullam
858 1163 919 1218 tam
939 1159 1047 1217 alliciat

104 1248 134 1301 ct
146 1249 208 1301 tam
221 1244 354 1303 attrahat
367 1263 453 1320 quam
466 1246 503 1303 ad
516 1246 670 1304 amicitiam
690 1247 857 1320 similitudo,
872 1249 1047 1307 concedetur

102 1333 232 1410 profecto
245 1353 349 1392 verum
363 1353 427 1391 esre
440 1340 474 1391 ut
492 1335 584 1394 bonos
605 1336 676 1394 boni
689 1337 812 1413 diligant
826 1338 1045 1414 adsciscantqua

104 1423 158 1481 sibi
171 1424 255 1526 quasi
269 1423 490 1502 propinquitate
510 1425 682 1502 conjunctos
701 1431 788 1503 atque
807 1433 921 1484 natura.
961 1427 1046 1486 Nihil

103 1519 148 1572 est
167 1515 246 1572 enim
267 1513 456 1592 appetentius
478 1514 614 1574 similium
636 1515 689 1587 sui,
708 1517 782 1574 nihil
803 1517 943 1593 rapacius,
958 1537 1045 1593 quam

102 1609 215 1662 natura.
258 1602 455 1704 Quamobrem
481 1604 536 1662 hoc
562 1603 685 1682 quidem,
714 1605 810 1664 Fauni
838 1612 869 1664 et
900 1606 1086 1707 Scaevola,

101 1698 225 1764 constat,
244 1700 280 1751 ut
300 1692 413 1770 opinor,
429 1693 513 1752 bonis
536 1693 615 1753 inter
634 1695 725 1754 bonos
746 1695 829 1772 quasi
851 1715 1044 1754 necessariam
1051 1661 1096 1755 l‘

100 1782 342 1853 benevolentiam,
354 1782 404 1859 qui
414 1788 459 1842 est
472 1783 614 1843 amicitiae
624 1785 690 1843 fons
704 1792 839 1843 enatura
852 1786 1042 1845 constitutus.

101 1873 158 1932 Sed
170 1873 271 1932 eadem
284 1873 402 1931 bonitas
416 1873 503 1932 etiam
516 1875 553 1934 ad
566 1875 784 1934 multitudinem
796 1875 933 1952 pertinet·
968 1875 1001 1934 N
1002 1895 1041 1934 on

99 1969 145 2022 est
159 1965 237 2022 enim
250 1964 411 2021 inhumana
424 1964 516 2023 virtus
535 1984 630 2042 neque
647 1965 785 2024 immunis
798 1985 894 2042 neque
908 1965 1041 2043 superbo,

98 2155 124 2197 to
143 2149 300 2197 ‘conmutat'
334 2149 405 2196 Some
421 2149 494 2196 MSS.
508 2141 556 2196 and
586 2144 690 2207 '‘redeo,'
702 2152 749 2198 and
759 2151 845 2206 others,
857 2147 956 2197 the‘d'
968 2151 1042 2199 isnot

98 2213 138 2259 old
155 2214 256 2260 editione
276 2214 337 2258 have
355 2213 494 2258 ‘mntrahat
509 2213 555 2258 vir·
586 2213 689 2260 inserted
711 2215 743 2274 by
765 2213 932 2273 ‘epenthesis,'
951 2227 978 2259 or
994 2229 1041 2274 any

97 2275 153 2323 eus!
187 2276 250 2322 Iam
261 2275 384 2321 reminded
401 2274 555 2335 byaformer
586 2277 655 2322 other
680 2277 841 2336 grammaticali
866 2277 955 2322 fiction.
988 2276 1040 2324 The

98 2338 173 2399 pupil,
190 2339 238 2384 Mr.
255 2339 280 2385 J.
297 2338 327 2384 G.
343 2337 425 2396 Carey,
442 2338 496 2384 that
513 2337 554 2384 the
585 2339 650 2384 word
675 2340 696 2384 is
725 2339 799 2396 ‘red,{
818 2338 865 2384 and
887 2339 929 2386 the
951 2337 996 2384 ‘d'
1020 2339 1040 2386 is

98 2407 209 2447 sentence
227 2401 272 2447 “si
291 2415 340 2461 qna
357 2401 494 2460 significatio
507 2401 554 2448 vir·
585 2401 691 2462 dropped
707 2401 788 2448 before
804 2415 868 2446 some
890 2406 1039 2459 consonante,

96 2464 156 2510 tutis
166 2464 257 2510 eluoeat
264 2462 281 2486 '’
292 2464 313 2508 is
323 2463 365 2508 the
375 2463 518 2508 nominative
528 2469 554 2509 to
585 2477 611 2510 as
622 2465 648 2509 in
660 2463 782 2524 ‘reperio'
794 2467 836 2510 &e

98 2526 262 2582 ‘contraham'
280 2525 328 2571 and
344 2525 421 2571 thiais
435 2524 554 2586 Seyffert’s
598 2527 690 2600 'Quod
699 2526 733 2585 ai]
764 2526 869 2608 ‚Seyffert
884 2526 927 2571 has
945 2525 1039 2598 ‘Qnidi

96 2589 290 2711 mallit,
308 2588 554 2697 {tutatast
585 2588 1043 2710 ttttttrttttstttlt

96 2713 139 2760 the
159 2711 356 2774 following.(De
382 2713 425 2760 Or.
446 2713 471 2758 ii.
496 2712 552 2775 tl):
585 2714 675 2760 thetis
691 2728 773 2768 so,we
790 2712 1040 2772 oughttohavethat

97 2776 177 2836 “plue
196 2777 291 2834 proficit
308 2776 329 2821 sl
344 2775 483 2835 proponitur
501 2790 554 2836 spes
584 2775 729 2835 reading.—‘
738 2776 806 2822 Nihil
826 2775 932 2834 rapacius
940 2775 955 2821 :’
982 2779 1040 2822 ‘nec

95 2839 207 2884 utilitatis
227 2838 321 2884 futurae
342 2852 414 2898 quam
434 2839 554 2922 praeteriti
584 2837 707 2898 rapacius,'
720 2839 799 2899 Scyll..
808 2837 860 2883 who
871 2837 959 2897 prefers
972 2838 1038 2884 'nee’

96 2899 206 2947 melicii
225 2899 452 2956 commemoratio·''
477 2901 554 2946 where
585 2901 684 2948 because
708 2901 750 2948 the
775 2901 839 2946 ideas
861 2899 1038 2959 ‘’appetentius

95 2963 138 3010 the
155 2963 301 3010 nominativa
316 2968 342 3008 to
360 2963 428 3022 ‘plus
447 2963 552 3022 proficit’
585 2964 650 3010 and‘
657 2961 777 3024 rapacius'
793 2977 833 3008 are
849 2961 1039 3044 essentiallydil·

95 3026 117 3073 ie
128 3025 331 3110 ἰίιιτοροιιίιιιι,1
344 3029 386 3071 &c
419 3025 554 3073 Thewords
585 3027 669 3082 terent,
700 3025 874 3096 appetentius’
904 3025 1040 3084 expressius

96 3091 142 3135 ‘nt
161 3103 234 3150 snpra
255 3087 321 3134 dixi'
340 3101 404 3134 seem
424 3092 450 3134 to
468 3102 506 3134 me
527 3092 553 3134 to
584 3088 715 3144 thedesire,
723 3089 783 3134 aud‘
789 3087 894 3146 rapacius
900 3085 1040 3147 ’thepower

94 3151 156 3198 have
165 3165 198 3198 no
210 3165 329 3210 meamng
340 3150 362 3196 if
377 3149 496 3210 Seyffert's
512 3165 552 3196 ex-
584 3151 682 3198 toaeize
692 3165 723 3197 on
735 3150 775 3196 the
785 3149 863 3208 obJeot
873 3149 901 3194 of
908 3149 992 3195 dasne

94 3214 243 3276 planation'
235 3228 257 3260 m
275 3213 394 3273 accepted.
428 3213 521 3258 lam'
514 3227 551 3258 ιιι-
620 3211 930 3271 Virtute-quae-roleatr]
972 3209 1039 3270 Seyf-

94 3277 174 3324 elined
195 3280 221 3324 to
241 3275 312 3324 think
332 3275 385 3322 that
403 3273 444 3321 the
462 3276 538 3321 text
531 3291 552 3322 rs
584 3275 630 3320 fert
645 3275 751 3334 explains
766 3274 808 3320 the
824 3271 992 3330 subjunctive
1001 3285 1039 3318 eo·

94 3339 218 3386 defective
584 3336 648 3390 leat?
670 3337 702 3394 by
723 3335 805 3393 eaying
789 3333 913 3392 thatrt
930 3347 977 3376 was
997 3332 1040 3377 the
1140 3379 1147 3396 n

126 3400 276 3462 Redamare]
311 3399 342 3446 Iu
358 3398 407 3447 this
420 3397 493 3454 word,
506 3397 553 3444 aad
585 3351 702 3444 rairthor'sy
717 3395 794 3452 abJ'eot
820 3398 845 3438 to
871 3391 971 3440 indiae
997 3391 1040 3436 the
