2362 3756
431 203 519 262 cAP.
539 155 632 264 im.
653 204 716 262 lx„
1000 207 1039 264 25

86 361 324 440 illacrimansque
347 359 476 420 dimissor
502 356 546 418 At
565 361 598 420 hi
617 360 734 438 quidem
753 359 862 420 mortui
878 360 940 438 jam
959 365 1038 420 sunt.

87 453 160 512 Non
173 473 246 512 vero
260 458 322 512 tam
335 451 389 509 isti
403 470 490 528 quam
503 457 539 510 tu
551 451 624 529 ipse,
637 456 764 528 nugator
775 475 783 524 3
803 471 898 528 neque
911 451 990 510 enim
1004 471 1040 510 ex

87 547 262 620 teunquam
275 563 307 600 es
325 541 500 600 nobilitatus
519 541 570 600 sed
588 561 624 600 ex
641 541 781 600 lateribus
795 547 826 600 et
839 541 955 600 lacertis
968 542 1038 602 titis.

88 633 175 690 Nihil
189 635 256 690 ilex.
271 633 377 690 Aelius
391 631 460 703 tale,
473 631 546 690 nihil
564 632 665 690 multis
685 631 769 690 annis
783 638 852 690 aute
867 632 910 690 Ti.
927 632 1038 692 Conm-

89 725 201 797 canius,
215 725 291 782 nihil
304 723 393 782 modo
408 723 441 780 P.
458 723 589 794 Crassus,
604 743 621 780 a
634 722 740 800 quibus
750 723 819 800 jura
832 723 942 782 civibus
956 743 1038 801 prae·

89 816 305 886 scribebantur,
316 833 442 891 quorum
452 813 589 892 usquead
599 817 759 872 extremum
771 813 905 890 spiritum
917 819 962 872 est
973 833 1037 892 pro·

88 911 174 965 recta
186 905 356 984 prudentia.
397 907 445 963 28.
468 905 576 963 Orator
592 909 692 962 metuo
705 923 743 986 pe
756 904 926 980 languescat
940 924 1037 962 senee-

89 1002 165 1069 tute,
180 1003 227 1055 est
240 997 321 1055 enim
339 1015 448 1054 munus
467 995 530 1073 ejus
543 1015 604 1052 non
616 994 728 1071 ingenii
742 995 835 1054 solum
850 995 900 1052 sed
913 995 1037 1054 laterum

91 1087 178 1146 etiam
195 1092 227 1146 et
244 1087 362 1145 virium.
405 1085 532 1144 Omnino
555 1105 694 1144 canorum
715 1085 788 1146 illud
805 1086 838 1144 in
852 1106 922 1146 voce
942 1087 1036 1164 splen·

92 1177 182 1236 descit
196 1177 288 1236 etiam
301 1175 401 1234 nescio
415 1197 472 1253 quo
486 1181 572 1254 pacto
588 1176 620 1234 in
638 1181 799 1249 senectute,
814 1177 890 1254 quod
903 1177 1037 1254 equidem

92 1267 183 1327 adhuc
196 1287 261 1326 non
273 1267 367 1337 amisi,
381 1271 412 1324 et
425 1266 528 1326 videtis
539 1287 640 1325 anuos.
682 1266 739 1324 Sed
749 1272 848 1326 tamen
860 1267 979 1326 decorus
990 1274 1036 1328 est

93 1359 167 1417 senis
182 1377 280 1418 sermo
291 1357 410 1435 quietus
421 1363 451 1414 et
461 1357 609 1429 remissus,
619 1356 746 1434 facitque
757 1377 894 1436 persaepe
907 1357 970 1435 ipsa
981 1359 1036 1417 sibi

92 1449 270 1508 audientiam
284 1447 388 1506 diserti
403 1447 480 1505 senis
494 1453 610 1525 compte
623 1453 654 1505 et
668 1447 748 1506 mitis
762 1448 864 1508 oratio.
906 1449 1001 1522 Quam
1010 1449 1036 1508 ai

91 1537 150 1616 ipse
163 1538 286 1616 exsequi
299 1557 436 1614 nequeas,
450 1538 544 1615 possis
565 1544 664 1596 tamen
685 1538 813 1616 Scipioni
826 1540 991 1618 praecipere
1004 1546 1035 1600 et

91 1630 199 1689 Laelio.
250 1628 332 1702 Quid
352 1628 429 1686 euim
446 1628 607 1707 jucundius
628 1634 779 1688 senectute
794 1630 908 1707 stipata
928 1631 1034 1690 studiis

86 1720 278 1798 juventutis?
319 1722 368 1777 29.
390 1719 440 1776 An
453 1739 491 1777 ue
505 1739 557 1794 eas
568 1719 684 1796 quidem
697 1720 772 1778 vires
788 1721 934 1778 senectuti
947 1721 1034 1780 relin-

89 1831 211 1889 quemus
225 1816 262 1868 ut
275 1809 506 1868 adolescentulos
521 1810 631 1882 doceat,
640 1809 787 1882 instituat,
798 1811 835 1869 ad
849 1829 934 1870 omne
948 1812 1034 1871 officii

88 1922 196 1962 munus
218 1900 375 1960 instruat?
417 1901 483 1975 Quo
505 1900 621 1978 quidem
645 1921 732 1978 opere
756 1901 826 1978 quid
848 1908 947 1980 potest
969 1923 1034 1962 csse

86 1991 291 2071 praeclarius?
332 1991 411 2048 Mihi
430 2011 498 2050 vero
522 1991 576 2050 On.
599 1997 630 2050 et
653 1993 684 2052 P.
709 1991 857 2069 Scipiones
875 1999 906 2050 et
924 1993 970 2051 avi
987 1993 1034 2052 tui

88 2084 154 2156 duo,
169 2083 206 2142 L.
221 2081 367 2141 Aemilius
387 2087 417 2140 et
438 2082 471 2140 P.
486 2081 652 2155 Africanus,
667 2083 806 2142 comitatu
827 2084 968 2144 nobilium
985 2085 1032 2163 ju-

118 2187 192 2234 mi
203 2185 313 2246 quidm]
350 2183 467 2231 ‘At'also
479 2186 544 2232 “de·
576 2187 673 2234 citizens
689 2187 815 2246 according
830 2191 856 2234 to
872 2188 914 2234 the
933 2188 1032 2234 circum·

87 2255 155 2297 notas
175 2264 191 2296 a
213 2248 306 2296 sudden
328 2249 432 2294 emotion
453 2248 480 2294 of
503 2249 545 2295 the
577 2253 668 2297 stenem
691 2250 718 2296 of
732 2250 773 2296 the
794 2265 854 2296 case.
888 2251 965 2297 There
981 2252 1001 2297 is
1017 2267 1032 2298 a
1136 2263 1138 2268 ·

88 2312 221 2368 mind,and
236 2313 257 2358 is
274 2311 397 2371 employed
413 2312 438 2357 iu
455 2311 545 2358 sudden
576 2312 921 2374 reading'perscribebantur.'
956 2315 1031 2360 ‘Pru-

88 2373 374 2436 nauaitiousinapeech.”
382 2375 544 2436 Key'sGram·
577 2376 664 2422 dentia’
675 2377 717 2422 has
728 2376 785 2422 here
795 2377 827 2424 its
838 2377 923 2437 special
931 2391 957 2422 or
965 2378 1031 2423 tech-

89 2454 147 2495 mar,
161 2441 232 2495 1445,
244 2439 269 2484 d.
576 2440 637 2486 nical
648 2439 758 2500 meaning
768 2439 796 2486 of
808 2448 814 2466 ‘
819 2441 879 2499 juris
890 2439 1030 2500 prudentia)

118 2501 462 2563 lara-praecernetaatarfl
493 2501 545 2549 The
578 2501 791 2563 ‘Jurisprudentes'
825 2518 864 2548 are
896 2503 1031 2550 sometimes

88 2565 153 2612 three
174 2566 284 2612 Romans
303 2565 443 2610 mentioned·
456 2566 481 2610 in
497 2565 545 2612 this
577 2566 662 2626 simply
673 2565 918 2626 mlled⁴prudentes.'

89 2629 184 2690 chapter
192 2627 545 2688 were‘juriaconanlti’or‘ju·
612 2631 688 2684 Quam
713 2628 748 2688 εἰ]
784 2628 885 2680 ‘Quam’
909 2627 981 2676 refers
1004 2635 1030 2677 to

88 2689 545 2755 risprudentea,’‘menacquaintedwith
578 2691 684 2739 'oratio'
717 2692 766 2739 But
783 2692 825 2738 the
841 2692 918 2740 critica
929 2707 969 2755 say
978 2694 1031 2740 that

88 2755 128 2802 ihs
143 2755 208 2802 law)
242 2754 280 2802 Ti.
304 2753 472 2812 Coruncanius,
492 2755 545 2801 who
578 2757 725 2803 ‘orationem
750 2754 854 2816 exaequi'
876 2757 896 2802 ia
921 2758 1041 2804 nowhere.

88 2833 133 2866 was
143 2819 214 2866 made
225 2817 336 2864 Pontifex
344 2817 463 2864 Maximus
474 2817 546 2864 about
577 2819 665 2876 found;
682 2819 729 2866 and
745 2819 802 2880 they
818 2820 876 2867 alter
893 2820 987 2882 ‘quam’
1004 2825 1030 2867 to

90 2895 135 2930 ac.
154 2884 212 2937 254,
236 2895 284 2927 was
306 2881 348 2926 the
369 2882 421 2926 first
438 2881 546 2942 plebeiae
578 2882 673 2944 ‘quod'

89 2943 156 2992 Post.
173 2945 242 2991 Max.
286 2943 339 2990 'l'he
365 2943 442 3003 plural
470 2943 542 3004 ‘jura'
606 2946 743 3006 lectitant]
778 2946 836 2994 This
852 2947 872 2994 ia
889 2947 1030 2996 ateohnioal

88 3008 128 3056 baa
142 3014 191 3055 two
209 3008 340 3067 meauinga,
362 3007 544 3068 corresponding
575 3009 639 3056 word
650 3009 744 3069 applied
755 3013 780 3056 to
791 3011 871 3071 giving
885 3011 1030 3070 elementary

88 3073 160 3119 toths
170 3076 220 3118 two
231 3071 354 3130 maaniugs
365 3069 392 3116 oi
405 3071 445 3116 the
463 3071 543 3130 singu·
574 3073 722 3128 instruction,
743 3073 769 3120 in
790 3073 841 3130 law,
859 3074 896 3120 for
915 3075 1028 3127 instance,

88 3135 203 3196 hr‘y'aa,'
214 3133 325 3180 whiohia
341 3133 399 3180 used
412 3138 543 3194 toexprass
574 3149 600 3182 aa
618 3136 670 3182 well
688 3150 714 3182 as
732 3135 757 3182 in
772 3136 840 3182 other
851 3137 930 3196 things
942 3134 1001 3196 (Dig
1011 3135 1028 3182 i.

88 3197 144 3246 both
155 3197 223 3244 ‘law'
235 3196 362 3258 generally,
374 3197 420 3242 aud
432 3201 462 3242 ‘a
471 3196 542 3256 right’
575 3201 598 3245 2.
612 3201 633 3255 l,
653 3202 665 3256 ξ
683 3197 733 3258 43).
768 3198 850 3248 Hence
871 3199 913 3246 the
935 3199 1029 3245 Roman

88 3259 319 3324 or‘iagalaculty)
353 3259 438 3306 lnthia
446 3275 543 3320 passage
574 3261 716 3320 elementary
733 3262 840 3309 treatises
858 3276 889 3308 on
908 3262 952 3308 law
968 3274 1030 3306 were

89 3324 161 3386 ‘jura'
182 3339 266 3372 meana
286 3322 344 3368 ‘the
358 3323 421 3369 rubes
440 3323 468 3369 os
481 3322 541 3378 law,'
574 3323 647 3370 called
666 3323 861 3370 ‘institutiones'
896 3323 971 3370 Seec.
991 3325 1029 3378 14,

88 3389 190 3450 portione
200 3387 229 3434 of
242 3388 285 3434 the
295 3385 371 3432 whole
387 3390 393 3415 ⁸
399 3385 455 3444 jus,'
467 3385 543 3430 which
576 3385 652 3431 ‘bane
661 3383 792 3432 institutis!

87 3446 544 3512 theaey'miatainthcir‘responsa’de-
608 3449 656 3495 Aci
673 3446 721 3504 tui]
755 3445 813 3490 'l'his
830 3443 851 3487 is
868 3439 1029 3486 addressedto

87 3515 148 3564 anea
158 3529 186 3563 or
193 3510 345 3562 determined
353 3510 388 3557 ior
396 3509 458 3556 their
468 3508 545 3555 ieiiow
577 3508 662 3568 Scipio,
672 3506 751 3552 whose
761 3501 910 3564 medana
916 3498 947 3556 by
955 3498 1029 3558 adop-
