2372 3758
171 189 230 245 110
549 187 739 246 LAELIUS.

168 339 318 398 inimicum
332 359 396 398 esse
409 339 521 424 posse?
562 340 744 414 Quinetiam
759 361 877 401 necesse
891 343 947 401 erit
960 363 1065 422 cupere
1078 351 1107 404 et

169 434 271 506 optare
283 435 419 505 utquam
436 428 603 505 saepissime
622 438 724 506 peccet
744 431 862 503 amicus,
877 452 934 509 quo
948 434 1045 510 plures
1059 435 1106 493 det

169 518 224 576 sibi
236 523 385 594 tamquam
401 537 487 576 ansas
507 519 545 576 ad
564 519 853 595 reprehendendum
872 542 990 580 rursum
1010 529 1106 582 autem

167 612 247 666 recte
272 607 358 678 factis
386 608 601 686 commodisque
624 608 782 668 amicorum
808 629 927 670 necesse
951 611 1007 670 erit
1031 614 1105 689 angi,

168 697 273 769 dolere,
299 697 437 755 invidere.
490 702 538 756 60.
574 698 672 771 Quare
697 699 753 757 hoc
780 700 895 776 quidem
921 709 1105 779 praeceptum

167 787 366 864 cujuscunque
393 793 438 846 est
465 787 503 846 ad
528 788 686 846 tollendam
713 789 871 848 amicitiam
896 791 981 849 valet.
1028 793 1105 852 illud

166 876 265 954 potius
279 877 513 954 praecipiendum
523 877 631 948 suit,ut
641 897 705 936 eam
716 879 896 955 diligentia-m
906 881 1104 942 adhiberemus

166 965 198 1024 in
211 966 345 1024 amicitiis
360 967 559 1044 comparandis
573 972 608 1024 ut
620 988 659 1026 ne
673 969 788 1045 quando
804 989 900 1028 amare
913 969 1103 1048 inciperemus

166 1075 234 1114 eum
257 1076 343 1133 quem
370 1056 523 1132 aliquando
547 1056 642 1114 odisse
664 1077 824 1134 possemus,
866 1059 1056 1132 Quinetiam
1078 1062 1104 1120 si

165 1145 263 1203 minus
276 1145 375 1204 felices
395 1146 428 1202 in
448 1145 600 1222 deligendo
620 1146 785 1219 fuissemus,
800 1147 952 1206 ferendum
966 1148 995 1206 id
1010 1149 1102 1228 Scipio

165 1234 264 1312 potius
278 1255 364 1312 quam
377 1235 593 1294 inimicitiarum
606 1240 723 1312 tempus
738 1237 925 1312 cogitandum
938 1239 1106 1344 putabatp,

113 1321 168 1434 Τ
204 1325 311 1384 XVII.
343 1329 391 1383 61.
420 1325 479 1383 His
502 1325 594 1401 igitur
618 1326 725 1384 finibus
747 1327 891 1384 utendum
914 1327 1045 1402 arbitror,
1068 1335 1103 1388 ut

165 1435 255 1494 quum
269 1415 415 1474 emendati
434 1436 529 1474 mores
549 1415 706 1476 amicorum
731 1416 800 1488 sint,
814 1422 880 1475 tum
901 1418 940 1476 sit
959 1419 1102 1478 intereos

165 1507 294 1566 omnium
308 1527 414 1578 rerum,
429 1506 622 1577 consiliorum,
636 1506 821 1564 voluntatum
844 1508 907 1566 sine
927 1509 987 1565 nlla
1005 1528 1102 1587 excep·

164 1597 246 1656 tione
267 1598 467 1668 communitas,
481 1602 516 1654 ut
538 1597 634 1668 etiam,
654 1596 679 1654 si
697 1617 755 1674 qua
773 1597 893 1656 fortuna
913 1598 1048 1656 acciderit
1067 1605 1103 1658 ut

164 1687 261 1745 minus
277 1689 369 1745 'ustae
383 1687 539 1745 amicorum
552 1687 718 1746 voluntates
732 1685 909 1746 ad'uvandae
923 1687 1028 1746 sintin
1083 1690 1103 1736 '-

115 1745 219 1835 q'thus
233 1709 333 1834 eoium
347 1781 399 1836 aut
409 1781 497 1854 caput
510 1782 616 1851 agatur
629 1782 682 1834 aut
699 1709 784 1848 fami,
800 1762 1001 1834 declinandum
1015 1708 1103 1838 siildle

163 1867 217 1938 via,
230 1865 316 1924 modo
337 1886 376 1924 ne
398 1885 510 1924 summa
529 1867 683 1944 turpitudo
706 1872 859 1942 sequatur:
881 1872 927 1924 est
945 1867 1023 1925 enim
1035 1888 1103 1945 qua

163 1962 250 2015 tenus
264 1956 406 2015 amicitiae
420 1955 482 2014 dari
491 1955 576 2014 venia
588 1958 689 2035 possit.
717 1958 749 2014 N
750 1977 783 2014 ec
793 1977 861 2014 vero
871 1957 1045 2033 negligenda
1057 1965 1104 2018 est

162 2045 246 2118 fama,
268 2065 323 2104 nec
349 2045 492 2104 mediocre
518 2047 612 2104 telum
639 2047 675 2104 ad
700 2066 747 2104 res
770 2047 911 2124 gerendas
938 2047 1105 2108 existimare

162 2141 279 2214 oportet
300 2135 532 2194 benevolentiam
553 2137 666 2208 civium,
680 2155 766 2214 quam
786 2137 935 2195 blanditiis
955 2143 986 2195 et
1006 2157 1105 2198 assen-

161 2227 252 2285 tando
275 2225 410 2302 colligere
430 2231 518 2304 turpe
539 2233 601 2285 est:
622 2227 716 2285 virtus
736 2247 823 2304 quam
844 2227 977 2304 sequitur
997 2228 1105 2288 caritas

161 2317 279 2376 minime
302 2317 482 2395 repudianda
505 2323 559 2376 est.
601 2321 648 2376 62.
670 2317 727 2376 Sed
750 2337 836 2395 saepe
858 2317 936 2376 enim
959 2317 1046 2376 redeo
1068 2319 1107 2378 ad

195 2460 232 2514 17.
250 2459 300 2506 Hir
316 2459 393 2518 ἐρίων
407 2459 614 2520 finibus—aequa-
646 2453 727 2512 sunt,’'
736 2441 811 2502 which
824 2455 887 2516 gives
898 2470 912 2501 a
922 2455 1033 2501 different
1042 2455 1106 2502 form

161 2523 230 2584 turs]
266 2522 356 2570 Gellius
369 2521 432 2583 (i.3)
445 2520 615 2568 criticizesthis
646 2523 672 2565 to
680 2519 721 2566 dre
729 2523 846 2565 sentence.
880 2518 1068 2565 ‘Declinendum
1077 2521 1108 2566 de

112 2633 116 2642 ,
160 2599 258 2695 ἔξω
274 2585 302 2631 of
317 2585 407 2632 Cicero.
441 2585 480 2658 lie
497 2599 549 2644 says
563 2583 615 2630 thet
646 2583 684 2656 via
704 2581 756 2628 sitz'
783 2582 894 2642 Seyff.-‘
905 2582 986 2656 Virtus
1006 2582 1106 2642 quemr’

198 2649 336 2709 eophrastus
358 2647 418 2708 fully
438 2646 557 2694 ducussed
574 2647 616 2694 the
648 2644 744 2692 ‘virtus’
754 2645 809 2690 does
819 2649 862 2690 not
870 2659 939 2692 mean
947 2649 1024 2691 virtue
1032 2660 1109 2706 gene·

160 2715 253 2767 matter,
274 2710 352 2756 which
374 2711 395 2756 is
416 2709 570 2770 propounded
590 2710 616 2756 in
647 2709 713 2769 rally,
735 2723 761 2754 as
782 2707 823 2754 the
844 2713 939 2754 context
960 2708 1046 2755 shows.
1083 2709 1111 2758 lt

159 2774 201 2820 the
212 2775 264 2820 first
274 2774 319 2819 lew
328 2773 388 2820 lines
401 2771 428 2817 of
441 2772 489 2818 this
503 2772 615 2832 chapter3
648 2785 728 2817 means
748 2771 816 2817 those
836 2771 924 2817 virtues
945 2785 972 2817 or
994 2771 1111 2832 qualities

159 2837 207 2883 end
217 2837 239 2883 if
246 2836 283 2882 his
291 2849 396 2894 memory
405 2834 461 2880 does
469 2838 513 2881 not
523 2835 616 2881 deoeive
647 2834 723 2881 which
734 2835 788 2894 gain
798 2837 893 2880 estcem.

159 2899 217 2955 him,
229 2899 249 2945 it
258 2897 394 2944 wasinthe
405 2899 456 2943 first
466 2897 530 2943 book
540 2897 569 2942 of
579 2897 616 2943 his
682 2896 896 2957 Sedeaepeenim]
929 2893 1113 2944 Orelli'sreed.

159 2962 253 3009 nense
274 2976 306 3008 on
326 2959 463 3019 friendship,
486 2960 563 3006 which
584 2959 615 3005 he
646 2958 725 3019 iugis,
742 2960 811 3006 “Sed
828 2957 1019 3020 saepe—etenim
1034 2959 1115 3008 redeo

159 3025 240 3071 thinks
256 3025 309 3071 that
320 3023 401 3071 Cicero
414 3022 462 3068 had
478 3023 536 3068 read
547 3022 615 3068 when
648 3054 653 3066 .
667 3054 673 3067 .
686 3055 693 3068 .
705 3019 1006 3082 amicitia-querebatur.”
1027 3021 1117 3070 There

158 3086 190 3133 he
198 3092 269 3133 wrote
279 3087 316 3132 his
326 3086 421 3132 trectise
432 3099 465 3131 on
475 3085 614 3168 friendship.
646 3084 667 3130 is
683 3099 715 3133 no
732 3084 807 3131 doubt
823 3085 876 3130 that
892 3082 989 3143 ‘saepe'
1004 3083 1118 3146 belongs

160 3149 249 3196 Gellius
276 3148 405 3207 complains
432 3147 486 3194 that
512 3147 615 3195 Ciceros
646 3151 673 3194 to
690 3147 773 3194 ‘redeo
782 3146 797 3204 ς’
814 3147 862 3192 end
878 3146 891 3193 I
907 3146 967 3192 have
984 3146 1120 3196 therefore

158 3212 216 3267 rulo,
228 3210 408 3258 ‘declinandum
425 3209 473 3265 sit‚'
486 3214 528 3257 &c
540 3211 561 3256 is
571 3214 614 3257 not
646 3209 752 3256 followed
771 3209 877 3270 Seyffert,
889 3215 973 3270 except
983 3209 1039 3257 thet
1052 3209 1068 3258 Ῑ
1082 3211 1121 3259 do

158 3274 255 3335 precise.
289 3273 319 3320 ln
329 3274 370 3319 the
383 3287 479 3334 passage
489 3274 517 3320 os
524 3272 613 3331 Cicero,
645 3279 689 3318 not
708 3273 778 3319 think
799 3273 819 3318 it
840 3286 962 3332 necessary
983 3278 1010 3320 to
1031 3275 1124 3334 write,

158 3350 184 3382 as
196 3337 283 3397 quoted
300 3337 332 3396 hy
348 3335 445 3392 Gellius,
464 3336 505 3383 the
518 3337 615 3397 reading
647 3339 662 3362 ‘⁸
673 3335 837 3394 Sed-saepe.
850 3367 857 3382 .
870 3335 1124 3398 ¹errricitis—quero.

158 3398 237 3461 is(cd.
250 3398 365 3462 Gronov.)
382 3399 527 3446 “emendsti
537 3413 614 3448 mores
646 3396 739 3446 bntur.''
773 3398 798 3446 It
816 3398 836 3445 is
854 3397 942 3446 ebsurd
957 3404 984 3447 to
1002 3413 1127 3463 suppose
