2372 3758
158 204 197 260 84
532 203 720 263 LAELIUS.

157 375 261 414 narum
273 356 520 436 humanarumque
533 379 629 416 rerum
640 379 707 417 cum
715 356 918 416 benevolentia
930 362 961 416 et
972 355 1076 416 caritate

157 466 269 520 summu
282 448 450 520 consensio;
471 469 527 526 qua
541 449 656 525 quidem
670 449 748 506 haud
762 448 820 506 scio
834 468 872 506 en
886 453 1004 525 exceptu
1017 445 1076 524 sepi-

1165 261 1177 331 l

1167 368 1173 545 l

157 535 237 594 entia
249 537 322 594 nihil
335 538 438 596 melius
457 539 568 596 homini
587 538 625 596 sit
647 559 665 596 a
678 538 743 596 Diis
757 538 967 596 immortalibus
983 537 1076 594 datum.
1168 560 1171 573 ¹

156 625 282 685 Divitias
309 627 358 685 elii
383 633 576 705 praeponunt,
596 628 709 686 ,bonam
739 627 788 685 nlii
814 627 1014 697 valetudinem,
1038 625 1080 683 alii

152 704 325 793 potentium,
337 717 386 775 alii
398 717 531 788 honores,
540 717 627 774 multi
637 717 724 774 etiarn
735 717 907 793 voluptates.
934 716 1080 774 Beluarum

156 805 211 864 hoe
224 806 339 883 quidem
353 812 515 864 extremum
530 806 602 883 [est]
614 832 621 864 z
643 807 692 863 illa
705 812 803 864 autem
820 805 968 883 superiora
985 805 1082 862 caduce

157 901 188 954 et
201 895 319 967 incerte,
330 896 425 973 posite
437 916 498 954 non
512 902 572 953 tam
585 897 617 952 in
631 895 757 954 consiliis
770 896 879 954 nostris
893 915 978 972 quam
989 895 1021 952 in
1032 895 1082 952 for-

157 990 247 1042 tunae
260 986 434 1044 temeritate.
477 986 536 1058 Qui
550 991 648 1043 autem
662 985 694 1042 in
703 985 812 1043 virtute
827 1005 971 1043 summum
983 984 1084 1042 bonum

157 1079 280 1150 ponunt,
294 1075 439 1152 praeclare
452 1075 495 1132 illi
508 1075 623 1151 quidem
635 1099 642 1144 ;
663 1075 714 1132 sed
727 1075 797 1132 haee
816 1075 879 1151 ipss
891 1074 984 1132 virtus
998 1073 1085 1131 amici·

158 1164 229 1221 tiam
240 1170 270 1222 et
284 1165 378 1241 gignit
392 1170 422 1222 et
436 1165 585 1234 continet;
607 1183 662 1222 nec
683 1164 744 1222 sine
758 1164 867 1222 virtute
888 1162 1012 1221 amicitia
1028 1182 1086 1220 esse
1176 1180 1179 1223 ἱ

160 1254 218 1312 ullo
241 1261 326 1332 pacto
349 1259 455 1332 potest.
496 1258 543 1312 21.
575 1255 643 1312 Jam
664 1253 802 1312 virtutem
828 1273 864 1312 ex
885 1253 1088 1338 consuet-rdine
1177 1254 1179 1263 '

160 1344 236 1402 ritae
254 1345 449 1422 sermonisque
467 1343 562 1402 nostri
579 1344 812 1420 interpretemur,
826 1363 881 1401 neo
899 1363 970 1414 eam,
983 1349 1018 1400 ut
1031 1343 1089 1420 qui-

162 1434 227 1492 dam
251 1435 336 1507 docti,
358 1435 511 1493 verborum
536 1433 751 1510 magnificentia
771 1433 942 1504 metiamur3
962 1432 1091 1509 virosque
1184 1496 1185 1523 ἶ

161 1525 252 1582 honos
276 1545 325 1583 eos
348 1525 398 1601 qui
421 1525 566 1582 habentur
588 1533 783 1594 numeremus,
808 1523 933 1592 Paullos,
959 1523 1091 1592 Catones,

164 1614 272 1686 Gallos,
282 1615 438 1691 Scipiones,
450 1613 565 1671 Philos:
584 1613 629 1670 his
640 1612 799 1691 communis
809 1612 869 1671 vita
882 1616 1019 1670 contenta
1032 1617 1092 1669 est:

163 1723 212 1761 eos
232 1709 329 1760 autem
349 1703 517 1760 omittamus
531 1703 581 1779 qui
598 1702 716 1760 omnino
736 1722 879 1780 nusquam
900 1701 1094 1779 reperiuntur.

163 1793 246 1860 Tales
272 1792 364 1868 igitur
386 1792 464 1849 inter
487 1792 563 1850 viros
590 1792 716 1850 amicitia
741 1797 839 1850 tantas
863 1791 1097 1872 opportpnitates

163 1881 250 1938 habet
264 1886 386 1957 quantas
400 1881 447 1939 vix
460 1901 533 1957 queo
554 1881 657 1940 dicere.
698 1885 745 1940 22.
767 1881 921 1958 Principio,
935 1881 986 1957 qui
998 1887 1100 1958 potest

163 1989 227 2028 esse
239 1969 299 2028 rita
311 1969 415 2041 vitalis,
429 1976 464 2028 ut
482 1970 523 2028 ait
537 1971 660 2044 Ennius,
675 1990 748 2048 quae
768 1990 829 2028 non
848 1970 880 2028 in
898 1969 982 2028 amici
994 1977 1103 2028 mutua

164 2156 248 2210 minae,
260 2155 401 2203 consortium
412 2157 488 2203 omnis
497 2157 614 2213 ritae‚·di·
646 2156 868 2219 quam’inplaeeot
881 2154 972 2202 ‘nihil'
1005 2155 1107 2204 SeeDe

163 2218 212 2264 vini
233 2222 257 2264 et
280 2219 378 2265 humani
401 2220 461 2278 juris
485 2221 614 2266 communi-
647 2221 701 2266 Seu.
717 2222 753 2267 lo.
771 2219 881 2266 Itisnot
890 2218 1039 2278 improbable
1049 2220 1109 2266 that

164 2280 250 2327 (πίσθ’
299 2281 508 2328 ‘Communicatio'
534 2297 615 2329 means
648 2283 740 2329 Romm
757 2297 828 2341 usage
842 2282 917 2341 might
930 2281 1111 2329 besomowhat

165 2345 221 2390 ‘the
238 2344 466 2391 intercommunion!
505 2345 616 2391 Between
647 2345 763 2391 unsettled
775 2345 800 2390 in
811 2345 946 2400 suchoeses,
954 2343 991 2390 for
999 2345 1043 2391 the
1052 2346 1112 2391 first

164 2406 273 2454 husband
289 2408 336 2454 and
353 2409 406 2454 wife
420 2409 485 2454 there
496 2407 515 2453 is
526 2423 541 2453 e
551 2422 615 2453 com·
647 2411 701 2466 part
717 2407 745 2452 of
757 2407 799 2452 the
816 2407 893 2453 clause
912 2405 1016 2452 ‘utrum’
1032 2407 1114 2468 being

165 2470 228 2530 plete
249 2471 410 2530 participatior
432 2471 457 2516 in
478 2470 510 2515 ull
528 2469 615 2529 things.
648 2470 845 2530 suppressedthe
859 2469 1050 2516 enunciationof
1064 2471 1114 2517 the

165 2533 259 2579 Laelius
266 2534 368 2593 requires
375 2534 416 2579 the
424 2547 489 2578 same
496 2533 521 2578 in
529 2531 616 2578 friend·
648 2533 734 2578 second
752 2533 827 2592 might
843 2531 874 2578 be
888 2532 1013 2592 carelessly
1025 2534 1114 2580 made.

165 2595 226 2654 ship,
238 2595 275 2641 ior
293 2596 361 2641 when
380 2596 411 2641 he
429 2610 482 2656 says
497 2595 616 2641 ‘omnium
649 2595 711 2641 lam
727 2595 829 2642 inclined
847 2599 872 2640 to
886 2594 955 2640 think
968 2595 1117 2642 thatwhen

166 2657 350 2714 divinarum,&c.
358 2656 531 2712 eonsensi0,'he
536 2671 616 2702 means
648 2657 689 2704 the
700 2657 777 2703 writer
785 2657 877 2704 intends
885 2661 910 2702 to
916 2657 968 2716 give
976 2657 1015 2704 his
1024 2663 1120 2706 assent

165 2733 180 2764 a
192 2719 281 2778 perfect
291 2725 425 2779 agreement
438 2721 464 2766 oi
477 2719 617 2779 opinionon
648 2724 674 2766 to
684 2736 699 2766 a
709 2721 823 2780 negative,
838 2735 864 2766 as
880 2720 905 2765 in
921 2719 969 2765 this
986 2720 1121 2780 instance,

166 2781 291 2840 ellthings,
304 2781 379 2827 which
389 2783 414 2828 in
424 2781 489 2828 itself
503 2782 558 2828 does
575 2785 617 2828 not
647 2783 689 2828 the
700 2783 807 2842 negative
817 2782 901 2828 should
911 2781 941 2830 be
957 2784 1120 2842 expresseris

166 2843 235 2888 melre
255 2843 392 2902 iriendship,
412 2844 450 2889 for
467 2845 487 2889 it
506 2848 570 2890 must
585 2844 617 2890 be
648 2845 694 2890 and
709 2860 735 2890 so
750 2845 775 2890 in
787 2846 824 2890 De
833 2845 904 2904 Legg.
916 2845 932 2890 i.
948 2845 987 2900 al,
1000 2845 1044 2892 Ad
1057 2846 1121 2894 Aet.

108 2940 110 2944 ‚
166 2904 288 2950 combined
315 2906 371 2950 with
390 2906 481 2951 mutual
498 2907 617 2965 good-will
647 2907 678 2953 iv.
690 2910 712 2963 3,
727 2910 748 2963 l,
760 2908 836 2953 where
848 2907 922 2954 Orelli
933 2907 1095 2954 has‘nnlli.’

166 2967 618 3027 andaffection‚bntthisperiectagrec-
685 2969 879 3029 opportunitates
924 2969 976 3015 The
999 2971 1076 3018 word
1099 2972 1125 3018 ia

166 3035 232 3075 ment
243 3030 263 3074 is
271 3043 392 3089 necessary
400 3030 618 3076 asthefoundation
650 3032 773 3091 explained
799 3032 830 3092 by
856 3047 877 3077 w
909 3037 919 3078 t
945 3029 1052 3079 follows.
1096 3034 1126 3080 rt

166 3091 194 3136 of
207 3091 342 3152 friendship.
649 3109 729 3140 means
740 3095 792 3140 that
798 3095 839 3140 the
847 3100 929 3140 nature
937 3094 964 3139 oi
971 3094 1126 3156 iriendship

200 3153 298 3198 Summa
326 3153 474 3213 cummim]
519 3153 618 3213 Seyffert
648 3156 738 3201 hsuch
753 3157 806 3202 thet
822 3157 841 3202 it
852 3157 922 3203 offers
933 3170 989 3202 rnen
1017 3158 1127 3204 advan-

166 3214 236 3260 ornits
249 3213 371 3260 ‘summe'
648 3221 730 3275 tages:
747 3218 767 3263 it
785 3218 806 3264 is
822 3233 837 3263 a
849 3217 918 3277 thing
927 3171 1007 3264 which
1025 3219 1129 3280 brings

198 3275 275 3320 Haud
289 3277 493 3336 ericen-nihil]
528 3276 617 3322 Thisis
648 3278 705 3324 with
716 3279 735 3333 it
745 3279 786 3324 the
797 3291 886 3336 meens,
897 3281 939 3326 the
949 3282 1068 3343 capacity
1082 3282 1130 3330 for

167 3335 282 3382 Emesti's
299 3337 401 3396 reading,
424 3337 470 3382 and
493 3337 616 3396 Madvig’s.
649 3340 888 3400 manygoodthings.

167 3397 241 3442 Orelli
261 3398 308 3443 end
330 3397 430 3458 Seyffert
448 3399 507 3445 heve
534 3399 616 3458 ‘qiud-
684 3401 740 3447 Vua
759 3402 859 3462 vitalia]
894 3403 1011 3452 'I'hisisa
1029 3405 1132 3453 Greek
