2372 3758
156 186 214 242 112
534 181 723 240 LAELIUS.

155 345 213 412 tur,
228 338 368 417 quianon
382 337 445 396 sine
458 357 565 414 magna
578 357 666 395 causa
679 337 718 395 sit
731 337 865 414 neglecta
879 337 1013 397 amicitia.
1048 341 1091 398 64.
1166 271 1172 319 l

155 431 261 508 Itaque
274 449 357 487 verae
371 428 515 486 amicitiae
529 428 696 486 difficillime
709 429 896 506 reperiuntur
908 429 940 486 in
953 429 989 486 iis
1003 429 1053 506 qui
1063 430 1093 490 in

154 520 313 578 honoribus
336 538 425 596 reque
446 519 563 596 publica
576 523 738 576 versantur.
779 518 841 576 Uhi
854 519 932 576 enim
950 519 1041 577 istum
1052 520 1092 580 in-

154 611 252 668 venias
266 610 316 686 qui
328 609 468 667 honorem
482 608 567 666 amici
581 613 742 685 anteponat
756 607 835 666 suo?
877 609 964 682 Quid,
978 609 1049 668 haec
1060 615 1093 669 ut

154 699 297 770 omittam,
311 720 398 776 quam
418 718 528 775 graves,
542 717 629 776 quam
650 697 780 756 difficiles
800 698 945 776 plerisque
961 699 1094 759 videntur
1179 749 1180 764 ,

154 789 352 848 calamitatum
366 789 527 858 societates,
542 788 579 845 ad
593 808 664 865 quas
678 807 739 846 non
755 793 802 845 est
814 787 899 846 facile
912 789 1036 847 inventu
1048 790 1093 868 qui

155 879 327 938 descendat:
350 898 522 956 quamquam
536 877 652 936 Ennius
664 883 762 936 reete:

376 981 473 1028 Amicus
484 983 562 1026 certus
573 980 599 1026 in
608 995 635 1026 re
645 981 736 1028 incerta
745 981 862 1028 cernitur:

153 1088 253 1142 tamen
276 1082 347 1141 haec
368 1083 425 1141 duo
447 1081 574 1140 levitatis
599 1087 630 1140 et
649 1081 829 1140 infirmitatis
852 1081 1006 1160 plerosque
1031 1099 1094 1142 con·

153 1173 283 1244 vincunt,
296 1178 348 1230 aut
366 1173 391 1231 si
410 1173 443 1230 in
462 1171 547 1231 bonis
567 1171 654 1230 rebus
675 1177 878 1245 contemnunt,
892 1177 944 1231 aut
963 1172 996 1231 in
1015 1173 1095 1232 malis

154 1263 301 1322 deserun.

93 1340 145 1427 hl*
193 1263 399 1429 XVIlme
412 1354 504 1431 igitur
516 1357 641 1430 utraque
661 1353 693 1410 in
713 1372 745 1410 re
766 1373 890 1429 gravem,
904 1357 1096 1426 constantem,
1179 1421 1180 1426 ἵ

154 1445 288 1504 stabilem
302 1465 333 1504 se
346 1445 379 1503 in
398 1444 525 1522 amicitia
545 1443 734 1521 praestiterit,
749 1443 827 1501 hunc
847 1463 883 1500 ex
895 1443 1019 1502 maxime
1032 1464 1097 1504 raro

147 1535 302 1594 'hominum
317 1556 423 1613 genere
433 1535 565 1614 judicare
586 1533 724 1592 debemus
745 1539 776 1591 et
794 1553 887 1610 paene
901 1533 1007 1592 divino.
1049 1539 1096 1594 65.

153 1627 382 1687 Firmamentum
395 1631 491 1683 autem
504 1623 672 1682 stabilitatis
683 1623 922 1700 constantiaeque
936 1625 1000 1700 ejus
1011 1644 1099 1701 quam

152 1715 185 1772 in
205 1715 331 1773 amicitia
350 1715 514 1792 quaerimus
535 1715 606 1772 fides
627 1718 681 1772 est.
723 1713 807 1771 Nihil
827 1714 905 1771 enim
927 1714 1031 1773 stabile
1052 1721 1099 1774 est

153 1805 230 1881 quod
243 1805 373 1861 infidum.
409 1804 573 1886 simplicem
587 1810 738 1882 praeterea
751 1809 782 1862 et
792 1824 975 1862 communem
986 1811 1017 1864 et
1031 1826 1099 1866 con-

154 1895 331 1953 sentientem
345 1894 395 1972 qui
407 1894 495 1952 rebus
509 1894 612 1952 iisdem
625 1899 776 1952 moveatur
789 1895 858 1974 eligi
873 1915 926 1972 par
939 1900 1003 1967 est;
1023 1916 1099 1974 quae

153 1984 249 2042 omnia
263 1984 413 2061 pertinent
426 1985 463 2042 ad
473 1985 652 2044 fidelitatem.
687 1986 793 2063 Neque
805 1987 882 2043 enim
893 1985 983 2044 fidum
996 1992 1100 2064 potest

151 2095 216 2134 esse
235 2074 387 2152 multiplex
407 2075 557 2152 ingenium
579 2081 610 2134 et
631 2081 817 2148 tortuosum
837 2096 933 2153 neque
952 2097 1031 2150 vero,
1047 2078 1100 2156 qui

151 2187 213 2225 non
225 2165 329 2224 iisdem
342 2165 430 2224 rebus
450 2172 584 2224 movetur
601 2171 763 2243 naturaque
784 2166 939 2237 consentit,
954 2173 1007 2225 aut
1020 2168 1101 2228 fidus

151 2282 392 2344 phrase‘speotetum
404 2279 448 2327 eo!
481 2281 506 2327 It
517 2280 606 2328 follows
639 2281 722 2341 simple
733 2282 859 2338 character,
871 2281 960 2328 vvhoin
973 2281 1101 2345 ellthings

151 2347 204 2392 that
216 2350 221 2372 ¹
231 2344 390 2392 obscuratum'
403 2348 467 2390 must
477 2359 563 2403 govern
576 2359 606 2390 an
638 2349 693 2404 puts
710 2343 806 2390 himself
820 2360 851 2390 on
868 2345 908 2391 the
924 2360 989 2392 sama
1004 2345 1101 2408 footing

151 2409 282 2456 accusative
309 2407 456 2470 suppressed,
479 2407 556 2452 which
578 2408 605 2463 is,
637 2407 899 2461 asothers,sndhaaa
913 2410 1104 2470 communityof

152 2473 297 2582 ‘nqglectssalm
314 2469 495 2580 arpiqitiarp,’tpr
505 2471 606 2544 perhaps
637 2470 723 2558 feelipg
734 2471 790 2516 with
801 2471 901 2579 thema:
913 2471 1000 2580 bque
1007 2477 1101 2582 can‘qiiqt

150 2541 364 2657 llaihdrobtdiuihgo
374 2549 500 2657 hlopovvdr
514 2540 606 2644 lignidi
637 2547 680 2642 ddi·
698 2547 816 2642 lididmvidl
831 2547 878 2657 :ily
896 2549 1048 2644 (ithermvlddd
1072 2571 1101 2646 td

150 2661 280 2721 neglectos
294 2658 448 2720 lriendship.''
638 2673 733 2719 express
751 2659 792 2706 the
809 2661 900 2705 notium
934 2660 986 2706 The
1004 2661 1102 2709 Greeks

185 2727 222 2772 18.
243 2725 350 2782 Utraque
361 2725 386 2768 in
395 2723 432 2782 re]
467 2721 606 2768 Bothlnhis
638 2723 707 2769 could
718 2737 760 2768 use
772 2723 852 2778 κοινός
864 2723 888 2768 in
899 2723 940 2768 the
951 2739 1016 2770 same
1027 2739 1103 2772 sense

150 2800 202 2832 ovvn
214 2787 352 2846 prosperity,
365 2785 411 2830 and
426 2786 451 2830 in
463 2785 606 2832 hisfriend's
638 2801 664 2831 as
686 2785 727 2832 the
749 2786 853 2831 Romans
872 2785 912 2832 did
931 2788 1102 2834 ‘communia'

149 2847 606 2908 adversum—'Consentiam:³‘oon-
638 2849 690 2895 The
710 2863 777 2894 sense
796 2849 823 2894 of
843 2849 1051 2906 ‘communicans,'
1074 2856 1105 2898 at

149 2912 297 2966 sentientem,
309 2911 333 2956 id
345 2915 389 2968 est,
400 2910 440 2970 qui
448 2909 463 2955 :¹
482 2910 552 2970 Seyff.
636 2911 678 2957 the
699 2911 746 2956 end
767 2911 794 2956 os
817 2912 914 2972 chapter
937 2914 960 2967 6,
987 2915 1105 2962 contains

184 2975 345 3034 Communem]
380 2973 456 3019 There
470 2973 604 3019 isnodiffi-
637 2975 770 3034 something
781 2974 808 3020 of
821 2975 862 3020 the
876 2975 957 3020 notion
970 2975 998 3021 of
1012 2981 1104 3023 ‘com.

149 3037 213 3096 oulty
234 3037 259 3082 in
281 3038 322 3082 the
348 3037 486 3083 translation
507 3035 533 3082 ol
556 3037 604 3082 this
636 3037 723 3083 munis’
742 3037 805 3093 here,
827 3037 873 3084 and
893 3039 1104 3086 ‘communicent’

148 3099 211 3144 word
224 3099 245 3144 il
256 3114 291 3144 we
302 3100 369 3144 avoid
381 3100 422 3144 the
433 3099 532 3158 English
540 3099 605 3146 word
636 3099 661 3146 in
673 3115 693 3145 c.
705 3103 741 3148 19.
776 3101 820 3147 Sea
837 3101 874 3147 Da
890 3100 945 3148 San.
961 3116 981 3148 c.
997 3103 1034 3160 17,
1048 3104 1107 3151 and

147 3162 201 3208 that
216 3162 236 3207 is
253 3161 346 3208 derived
365 3161 425 3206 from
441 3162 467 3206 it.
501 3161 552 3208 The
563 3162 605 3208 ad-
638 3163 684 3209 Pr0
695 3163 804 3218 Murena,
817 3179 836 3209 c.
849 3165 888 3211 31.

144 3223 278 3331 leiim-in
289 3223 360 3331 Iqatitu
369 3223 522 3332 havtehqqteqp
534 3225 605 3271 much
669 3227 726 3333 Npia
743 3227 1006 3334 imqeplq-aotuqaqae]
1024 3228 1110 3338 dThe

147 3301 176 3332 wi
193 3301 218 3332 er
236 3301 254 3332 ar
272 3301 391 3332 marion
516 3302 601 3334 ecor-
635 3303 666 3334 nc
715 3302 778 3333 ono
832 3294 927 3336 e¹non
953 3305 982 3336 ex

146 3301 289 3408 respondiiig
317 3348 415 3408 English
441 3350 524 3396 words.
558 3351 603 3396 We
633 3303 695 3397 thega
687 3351 761 3397 words
774 3353 919 3414 ‘naturaque
930 3296 1109 3404 ocusialliilit'ss¹²⁰

147 3425 190 3458 can
202 3426 251 3473 say,
264 3415 278 3438 ⁴¹
289 3411 327 3458 He
340 3416 403 3458 must
418 3411 603 3460 beamanola
