2372 3758
138 168 178 225 86
513 151 702 212 LAELIUS.

177 317 251 377 VII.
272 318 320 374 23.
341 313 495 386 Quumque
509 307 647 386 plurimas
660 310 692 364 et
705 303 841 364 maximas
854 299 1057 361 commoditates

84 441 87 451 .
138 405 264 466 amicitia
274 402 432 470 contineat,
440 396 705 456 tumillanimirum
716 397 845 472 praestat
854 388 1057 467 omnibusquod

138 496 215 555 bona
228 513 279 570 spe
292 491 439 568 praelucet
452 488 485 545 in
502 491 652 565 posterum
669 505 724 543 nec
738 482 881 542 debilitari
898 481 1005 539 animos
1017 481 1059 537 aut

138 584 240 645 cadere
253 581 373 660 patitur.
413 579 526 637 Verum
545 575 623 634 enim
643 574 767 632 amicum
780 572 831 650 qui
845 571 986 642 intuetur,
998 574 1060 627 tam·

139 693 225 752 qnam
248 670 393 747 exemplar
415 665 531 744 aliquod
551 665 686 723 intuetur
709 663 763 722 sui.
806 661 949 736 Quocirca
971 665 1001 718 et
1021 659 1061 718 ab

139 769 237 822 sentes
251 761 359 818 adsunt
372 763 403 816 ct
417 761 536 834 egentes
554 753 705 813 abundant
724 758 755 811 ot
767 751 903 810 imbecilli
917 750 1017 822 valent,
1029 754 1062 822 et,

138 853 217 931 quod
227 849 370 910 difficilius
384 848 464 906 dictu
478 851 532 918 est,
543 845 651 903 mortui
664 844 782 914 vivamt3
795 847 897 900 tantus
910 860 960 900 cos
973 841 1064 913 honos,

139 940 285 1012 memoria,
300 937 472 997 desiderium
485 933 671 1012 prosequitur
684 933 850 990 amicorum.
883 932 929 989 Ex
942 950 998 1008 quo
1010 930 1065 988 illo·

139 1052 205 1090 rum
217 1031 303 1089 beata
323 1047 400 1088 mors
413 1027 536 1096 videtur,
551 1025 655 1082 horum
666 1023 726 1081 vita
745 1021 905 1080 laudabilis.
947 1020 1030 1095 Quod
1045 1020 1067 1079 si

140 1121 278 1181 exemeris
298 1138 332 1176 ex
352 1137 450 1175 rarum
471 1120 577 1174 natura
596 1111 814 1171 benevolentiae
835 1111 1068 1190 conjunctionem,

139 1230 194 1270 nec
208 1210 310 1268 domus
329 1207 389 1266 ulla
411 1225 466 1264 nee
485 1205 556 1262 urbs
580 1208 657 1261 stare
678 1201 807 1280 poterit3
826 1221 865 1259 ne
885 1200 947 1278 agri
960 1200 1070 1277 quidem

140 1301 237 1360 cultus
257 1295 446 1376 permanebit.
487 1294 525 1352 Id
548 1293 573 1351 si
593 1293 690 1350 minus
710 1291 893 1367 intelligitur,
906 1295 1015 1368 quanta
1030 1289 1071 1350 vis

140 1389 282 1449 amicitiae
304 1385 528 1462 concordiaeque
552 1381 591 1442 sit
610 1402 646 1440 ex
665 1381 892 1440 dissensionibus
912 1386 999 1458 atque
1019 1381 1072 1440 dis-

141 1479 245 1539 cordiis
266 1476 376 1556 percipi
397 1481 505 1553 potest,
547 1474 629 1547 Quae
652 1471 730 1530 enim
754 1471 856 1529 domus
875 1476 936 1529 tam
956 1470 1074 1544 stabilis,
1180 1486 1181 1504 ¹

141 1588 215 1646 quae
233 1573 295 1626 tam
308 1567 390 1624 firma
408 1564 508 1623 civitas
522 1568 576 1634 est,
591 1581 663 1640 quae
680 1561 828 1624 nonodiis
847 1567 934 1640 atque
951 1561 1075 1620 discidiis

141 1658 274 1717 fianditaas
287 1655 380 1734 possit
398 1653 515 1712 everti?
536 1673 571 1710 cx
584 1672 641 1730 quo
655 1657 797 1730 quantum
817 1651 887 1710 boni
907 1651 946 1709 sit
963 1650 996 1708 in
1009 1651 1077 1709 ami·

142 1748 211 1808 oitia
221 1745 345 1825 judicari
360 1748 467 1822 potest.
508 1745 555 1801 24.
576 1741 805 1819 Agrigentinum
824 1741 940 1819 quidem
960 1740 1079 1799 doctum

175 1927 198 1980 7.
219 1923 500 1984 Quumque-contineat,
513 1924 596 1968 tam-
627 1925 693 1968 ment
703 1921 740 1968 for
750 1910 866 1982 affirming
876 1921 928 1969 that
940 1922 1006 1969 there
1017 1922 1038 1970 is
1048 1937 1081 1969 nc

139 1987 261 2051 praestat]
295 1985 347 2032 Tha
361 1985 457 2030 treaths
474 1984 595 2030 “DaNa·
627 1984 692 2031 word
714 1983 865 2040 ‘dissidium'
893 1985 940 2032 and
966 1985 1020 2032 that
1046 1985 1095 2032 we'

142 2047 339 2103 tunDeorum,”
351 2046 596 2103 inomlli’stexabs-
627 2047 712 2093 should
733 2047 818 2108 always
839 2048 906 2094 scrita
923 2047 1083 2094 ‘discidium'

143 2114 196 2174 gius
207 2113 279 2159 thus:
297 2115 312 2138 “
322 2111 403 2162 Quum
419 2110 507 2156 multas
522 2125 560 2158 res
571 2110 596 2156 in
628 2109 728 2170 Seyffert
746 2123 799 2170 says
815 2111 868 2156 that
885 2111 926 2158 tha
943 2111 997 2157 best
1007 2111 1085 2158 MSS.

143 2175 290 2237 philosophia
300 2187 448 2235 nequaquam
459 2173 514 2220 satis
520 2173 598 2220 adhuc
628 2172 687 2219 have
698 2173 823 2220 ‘discidiis'
830 2173 894 2230 hora,
902 2173 949 2220 and
955 2177 995 2234 yet
1008 2173 1088 2222 Orelli

144 2239 272 2314 explicatae
282 2237 397 2292 sint,tum
408 2237 557 2296 perdifficilis,
570 2269 596 2282 ..
628 2235 747 2310 Μφιιιιᾳ
768 2236 846 2283 notice
861 2237 888 2283 of
906 2237 954 2283 this
975 2237 1089 2298 reading.

144 2297 597 2413 lassataslasatas'
628 2296 1091 2416 idftttl’atttttrtlsalstt

177 2430 246 2476 Bono
257 2425 442 2488 apepraelacet]
474 2425 598 2473 Orellihas
629 2424 676 2471 and
685 2423 739 2471 best
749 2425 821 2472 MSS.
832 2425 892 2474 hasa
904 2426 1030 2474 whcnaacr
1044 2427 1093 2474 the

147 2496 162 2520 “
169 2490 258 2538 bonam
269 2488 360 2552 spem.’'
629 2487 693 2535 word
704 2501 793 2534 occurs.

182 2553 311 2614 Quocirca]
332 2550 599 2611 Hchasjnstsaldthat
661 2550 859 2612 Aqrayeneiaam]
883 2551 1016 2599 Hsmaans
1026 2552 1094 2600 Em-

148 2617 202 2664 “ho
218 2617 272 2662 who
288 2616 356 2662 looks
372 2629 403 2660 on
420 2630 435 2660 a
445 2620 497 2660 hus
514 2613 598 2670 friend,
630 2613 807 2673 padoclas,who
817 2615 956 2680 expoundad
967 2615 1005 2662 his
1016 2615 1095 2663 thao-

147 2693 197 2726 sees
216 2694 231 2725 a
247 2678 304 2725 kind
323 2677 350 2724 of
364 2677 462 2738 copyof
474 2675 599 2732 himself?
630 2676 714 2736 logical
731 2677 779 2723 and
795 2678 900 2738 physical
920 2679 1041 2725 doctrinas
1065 2677 1098 2726 in

44 2773 79 2788 η,
146 2741 179 2802 by
189 2741 265 2788 which
282 2741 313 2788 bc
329 2753 410 2786 means
429 2739 482 2786 that
498 2740 539 2785 the
552 2743 600 2786 two
631 2739 767 2801 hexameter
792 2755 865 2788 verse.
906 2741 945 2788 He
970 2745 1048 2789 wrote
1080 2756 1100 2788 ss

143 2804 235 2862 friends
255 2817 295 2850 aro
313 2817 367 2857 one,
388 2817 414 2848 as
433 2801 474 2848 the
491 2807 602 2850 santonos
632 2802 732 2849 didactic
754 2817 824 2864 poem
846 2819 878 2850 on
899 2809 989 2852 ustura.
1035 2804 1101 2854 'rho

148 2865 279 2929 ‘quocirca’
291 2865 405 2925 explains.
438 2864 561 2911 For-when
571 2865 602 2912 ha
632 2865 761 2924 fragments
772 2866 800 2913 of
812 2867 849 2914 his
863 2867 939 2914 works
952 2868 1013 2915 hara
1026 2867 1102 2915 been

148 2945 201 2990 says
211 2929 264 2976 that
274 2928 315 2974 tho
326 2927 426 2974 ‘absent
441 2941 482 2974 ars
497 2927 600 2988 prasent'
634 2928 747 2975 collected
752 2929 941 2990 andcxpounded
949 2931 1104 2991 bymodcrn

148 2993 284 3046 andaonis,
296 2991 381 3037 hocan
392 2989 448 3050 only
465 3005 534 3036 mean
550 2990 603 3037 that
634 2991 737 3038 scholars
756 2989 794 3054 (F.
806 2993 846 3039 W.
859 2993 935 3049 Stura,
951 2995 1022 3050 laos,
1043 2994 1105 3041 and

148 3056 189 3102 tha
199 3054 283 3100 absent
293 3053 314 3099 is
324 3056 420 3114 pressat
429 3053 502 3099 iu‘his
509 3053 602 3110 friend;
636 3053 660 3100 S.
679 3054 790 3110 Karsten,
810 3055 886 3112 aaa&
903 3071 941 3103 see
952 3057 1002 3104 also
1011 3057 1107 3106 Riteer

148 3117 196 3190 aud
215 3115 333 3162 thedoad
351 3115 408 3162 lives
425 3116 452 3161 ln
468 3116 509 3162 the
531 3117 604 3176 living
635 3117 783 3174 andl'reller,
793 3117 1021 3182 Hist.Philosoph.).
1039 3121 1108 3168 Tho

137 3177 233 3224 brand.
267 3178 316 3222 But
332 3177 604 3239 allthisisveryvagus
634 3179 775 3240 associating
791 3180 905 3242 principle
915 3181 942 3228 of
955 3183 986 3230 all
999 3183 1107 3244 things,

148 3240 199 3288 talk
635 3239 758 3300 according
774 3247 800 3288 to
817 3242 981 3303 Empedocles,
992 3260 1045 3293 was
1059 3255 1108 3308 φι-

166 3271 310 3374 Ι,Ιίἑιοωῑιη
345 3299 446 3374 asyam
460 3302 503 3376 aa
520 3302 603 3349 ‘usa
635 3303 719 3358 aeras,
730 3303 872 3366 aenaeum
889 3305 931 3352 aas
939 3307 1111 3370 ‹11me

149 3360 211 3420 dns,'
222 3361 269 3409 aud
283 3361 316 3411 ha
328 3375 392 3422 gavas
407 3363 523 3424 Madvsg’s
534 3379 603 3426 argu-
634 3365 754 3426 principle,
766 3368 853 3424 νεῖκος,
865 3367 965 3416 diseord
