2296 3752
224 197 526 259 EPISTOLARUM
546 199 665 260 LIBRI
685 197 784 257 DUO.
914 201 971 256 245

29 353 160 412 Tantum
174 354 296 412 accessit
305 359 342 412 ut
355 352 426 412 mihi
438 373 516 412 nunc
527 353 650 432 donique
664 373 760 412 amare
769 353 875 426 videar,
887 357 973 412 autea

27 444 176 503 dilexisse.
217 445 316 518 Quare
330 443 457 522 quidest
471 444 548 522 quod
562 464 615 520 ego
629 449 660 502 te
674 445 773 503 horter
786 449 821 502 ut
835 442 973 521 dignitati

26 542 56 592 et
69 535 186 613 gloriae
199 535 329 594 servias?
343 554 500 612 proponam
516 535 571 592 tibi
584 535 675 594 claros
689 535 773 608 viros,
788 535 866 612 quod
878 535 972 612 facere

25 627 127 684 solent
146 625 198 702 qui
216 624 396 684 hortantur?
436 624 593 683 Neminem
612 625 704 684 habeo
725 625 871 684 clariorem
886 645 972 703 quam

24 721 55 773 te
76 716 190 794 ipsum.
231 717 273 774 Te
292 715 405 774 imitere
425 721 560 792 oportet:
581 721 680 774 tecum
697 716 760 794 ipse
780 721 881 774 certes.
922 717 971 776 Ne
1010 701 1019 722 ⁶

24 807 95 864 licet
110 805 230 884 quidem
243 805 299 863 tibi
308 805 370 884 jam
382 805 474 863 tantis
494 805 581 864 rebus
601 805 692 883 gestis
711 826 772 864 non
789 804 836 863 tui
850 805 971 865 similem

23 917 100 956 esse.
148 895 235 970 Quod
254 915 343 974 quum
366 895 408 954 ita
430 896 477 968 sit,
496 896 623 954 hortatio
646 917 707 954 non
728 902 774 956 est
793 897 970 970 necessaria;

23 987 226 1064 gratulatione
240 986 333 1062 magis
347 986 488 1044 utendum
502 991 556 1044 est.
586 986 720 1063 Contigit
733 986 810 1045 euim
820 987 884 1060 tibi,
894 988 971 1066 quod

22 1079 107 1137 haud
121 1078 182 1136 seio
195 1097 234 1136 an
247 1076 367 1148 nemini,
380 1081 416 1134 ut
429 1097 541 1136 summa
558 1077 695 1136 severitas
716 1077 970 1137 animadversionis

23 1189 87 1228 non
97 1169 187 1228 modo
196 1188 258 1226 non
267 1167 409 1225 invidiosa
422 1166 474 1226 sed
484 1167 572 1226 stiam
581 1168 728 1246 popularis
742 1173 828 1240 esset,
839 1173 870 1228 et
880 1189 971 1246 quum

23 1261 113 1320 bonis
129 1259 264 1319 omnibus
276 1263 340 1315 tum
354 1257 453 1316 infimo
468 1257 571 1334 cuique
585 1257 756 1334 gratissima.
794 1259 862 1317 Hoc
876 1259 901 1317 si
913 1259 969 1318 tibi

22 1351 150 1410 fortuna
162 1349 287 1428 quadam
301 1348 479 1424 contigisset,
494 1349 655 1425 gratularer
665 1349 798 1407 felicitati
811 1354 896 1408 tuae:
919 1350 970 1408 sed

23 1441 154 1518 contigit
167 1439 369 1516 magnitudine
383 1459 472 1516 quum
486 1438 575 1497 animi
584 1444 649 1496 tum
662 1438 750 1498 etiam
762 1439 873 1516 ingenii
883 1445 970 1518 atque

23 1532 151 1591 consilii.
192 1529 268 1606 Legi
281 1529 359 1588 enim
379 1529 543 1588 contionem
562 1533 652 1587 tuam.
693 1529 777 1587 Nihil
790 1529 840 1588 illa
859 1531 970 1608 sapien·

22 1623 97 1682 tius.
138 1622 189 1680 Ita
208 1619 397 1697 pedetentim·
411 1624 442 1677 et
463 1618 605 1695 gradatim
619 1624 684 1678 turn
705 1639 837 1678 accessus
856 1625 920 1678 ate
934 1620 971 1680 ad

22 1733 145 1772 causam
163 1710 243 1781 facti,
258 1714 323 1768 turn
340 1729 479 1780 recessus,
493 1714 529 1767 ut
548 1728 595 1767 res
613 1709 677 1787 ipsa
697 1711 896 1768 maturitatem
915 1711 971 1770 tibi

22 1799 278 1862 animadvertendi
292 1800 421 1858 omnium
435 1819 574 1858 concessu
589 1799 679 1859 daret.
720 1799 867 1859 Liberasti
880 1799 971 1877 igitur

22 1901 55 1952 et
76 1893 182 1952 urbem
201 1891 331 1971 periculo
354 1896 385 1948 et
406 1889 553 1949 civitatem
576 1896 658 1950 metu
670 1915 685 1962 ;-
703 1910 798 1969 neque
819 1890 912 1950 solum
932 1891 970 1950 ad

22 1990 144 2062 tempus
158 1983 313 2042 maximam
327 1981 485 2039 utilitatem
503 1981 631 2038 attulisti
650 1981 700 2040 sed
721 1982 809 2040 etiam
823 1980 860 2040 ad
873 2001 967 2041 exem·

21 2077 116 2152 plum.
153 2075 222 2148 Quo
236 2072 314 2130 facto
326 2071 489 2147 intelligere
503 2070 590 2128 debes
603 2071 635 2130 in
648 2077 680 2129 te
693 2072 818 2149 positam
832 2092 895 2131 essa
908 2093 970 2132 rem

21 2164 181 2242 publicam,
195 2162 308 2240 tibique
326 2181 387 2220 non
399 2161 484 2220 modo
502 2161 637 2234 tuendos,
652 2163 703 2220 sed
723 2163 811 2221 etiam
825 2165 969 2223 ornandos

21 2275 89 2314 esse
107 2254 174 2312 illos
188 2253 274 2323 viros
288 2272 306 2310 a
319 2252 423 2328 quibus
441 2249 559 2308 initium
572 2251 717 2310 libertatis
736 2252 899 2330 profectum
913 2259 967 2310 est.

22 2345 84 2405 Sed
96 2345 144 2403 his
162 2343 199 2402 de
219 2342 306 2401 rebus
327 2361 423 2400 coram
440 2342 525 2420 plura
545 2342 721 2420 propediem,
734 2348 770 2401 ut
791 2363 882 2421 spero.
924 2343 969 2400 Tu

55 2481 327 2544 Furiana-filicitati]
359 2482 484 2529 Thisccn-
509 2481 628 2543 =irregular
654 2486 788 2530 movement
816 2483 900 2545 (lacn),
923 2483 970 2530 and

22 2551 90 2596 firma
107 2549 174 2596 what
190 2547 234 2593 has
253 2546 314 2593 been
330 2545 380 2592 said
397 2547 422 2592 in
441 2560 483 2592 an·
515 2546 574 2592 then
591 2547 651 2593 from
669 2547 711 2594 the
728 2561 796 2594 cause
812 2547 896 2594 moved
909 2546 970 2594 back

22 2613 93 2660 other
110 2613 180 2674 place
199 2608 248 2671 (De
265 2609 320 2655 Am.
339 2607 413 2669 c.10)
431 2609 485 2654 that
515 2613 541 2655 to
563 2610 604 2657 the
625 2624 742 2656 messuras
764 2614 789 2657 tc
811 2610 841 2657 be
867 2610 970 2672 adopted

23 2674 148 2724 ‘leheim'
160 2674 181 2721 is
195 2669 395 2733 ‘goodsortuna'
408 2671 483 2732 ‘good
515 2673 575 2730 that,
598 2676 641 2720 &c
674 2673 732 2720 This
750 2673 770 2720 is
789 2689 835 2720 one
855 2674 883 2720 ol
901 2674 970 2722 those

22 2739 96 2786 luck!
516 2741 638 2782 sentences
647 2735 724 2781 which
740 2737 809 2784 make
822 2752 851 2784 us
866 2737 913 2785 secl
928 2739 969 2785 the

60 2797 214 2858 contionem]
248 2797 307 2844 Thi
317 2797 390 2854 word,
407 2794 484 2844 which
515 2803 620 2846 extrem
636 2799 749 2859 difficulty
764 2801 840 2847 which
856 2817 891 2848 we
905 2802 970 2850 often

24 2880 109 2913 means
125 2879 141 2910 a
157 2861 262 2920 meeting
279 2861 315 2906 ior
329 2875 394 2907 some
405 2861 485 2921 public
516 2862 616 2918 barain
627 2861 751 2922 rendering
761 2863 786 2909 in
797 2865 886 2924 precise
896 2870 969 2913 terme

25 2929 146 2982 business,
168 2926 194 2971 in
216 2923 292 2970 which
318 2925 359 2970 the
382 2925 485 2984 maeting
515 2925 557 2971 the
579 2924 770 2984 comprehensive
790 2927 863 2973 forma
885 2929 913 2974 ol'
928 2943 968 2974 ex·

26 3007 74 3038 was
85 2987 213 3036 addresscd
229 2986 286 3046 bya
301 2987 406 3047 speaker,
420 3001 485 3034 came
516 2988 621 3048 pression
638 2987 713 3033 which
724 2988 806 3036 Cicero
822 3005 884 3037 uses.
917 2991 969 3038 'l'he

26 3055 59 3116 by
70 3049 270 3110 usetcdgniiya
285 3049 370 3112 speech
381 3049 485 3096 madcto
516 3050 614 3096 formos
628 3051 713 3110 speech
728 3052 748 3098 is
764 3067 779 3098 a
794 3054 969 3112 metaphorde·

28 3117 88 3165 such
98 3114 211 3173 maeting.
516 3113 581 3160 rived
599 3114 659 3159 hom
676 3115 796 3174 attacking
811 3115 858 3160 end
871 3119 968 3161 retreat-

61 3181 186 3234 neeman,
205 3173 261 3235 tra]
304 3175 426 3222 Manutius
445 3189 485 3221 ex·
516 3177 564 3236 ing,
587 3175 631 3222 but
657 3175 698 3222 the
723 3183 791 3224 exact
817 3177 927 3235 meaning
948 3175 969 3220 is

30 3243 107 3306 pisina
124 3240 181 3296 this,
200 3237 301 3298 perhaps
315 3238 443 3298 correessy3
460 3239 485 3284 in
517 3239 633 3285 doubtful.

32 3321 90 3368 your
116 3304 236 3360 har-angue
263 3315 311 3361 you
337 3301 485 3359 approached
547 3300 697 3360 llloeairos,]
716 3300 753 3346 M.
761 3301 856 3354 Brutus,
867 3297 968 3349 Cassirm

32 3369 90 3416 with
106 3365 164 3412 such
180 3362 261 3421 steady
271 3362 318 3407 and
331 3362 423 3419 regular
434 3366 485 3420 step
516 3361 564 3406 and
574 3361 653 3406 others
664 3363 690 3406 oi
698 3363 739 3407 the
750 3360 914 3420 conspiratura.

33 3428 133 3479 towards
150 3424 255 3483 showing
264 3423 306 3468 the
317 3435 385 3468 causa
398 3421 425 3467 oi
437 3421 486 3467 this
