2372 3758
303 185 366 243 AD
388 183 592 280 omnnem
611 186 821 260 FRATREM.
863 245 866 252 ,
975 187 1033 248 147

90 355 156 396 esse
179 339 332 416 negotium
356 339 450 418 magis
475 341 624 418 aliquanto
645 361 732 420 quam
757 342 893 402 fortunae
920 347 1033 422 putare.

92 429 174 503 Quid
186 437 232 489 est
245 432 325 490 enim
346 432 460 508 negotii
482 433 632 492 continere
651 453 700 492 eos
714 433 819 512 quibus
832 425 990 512 praenasci
1002 439 1035 494 te

90 518 154 597 ipse
167 521 318 600 contineas
329 520 345 580 ‘r'
385 523 424 582 Id
437 528 535 581 autem
549 523 588 581 sit
601 543 738 601 magnum
752 529 783 583 et
796 524 910 584 difficile
920 523 1033 599 ceteris,

91 609 169 668 sicut
182 617 229 669 est
242 611 462 670 difficillimum:
483 612 539 670 tibi
551 618 582 672 et
595 613 653 672 fuit
672 614 727 672 hoe
741 633 854 692 semper
866 615 1033 675 facillimum

90 707 121 758 et
134 720 203 760 vero
217 721 280 761 esse
296 703 406 772 debuit,
422 703 505 780 eujus
525 708 632 762 natura
651 704 718 762 telis
739 709 785 762 est
805 710 840 762 ut
860 705 948 764 etiam
970 706 1033 766 sine

91 789 226 849 doctrina
260 791 395 850 videatur
426 792 575 850 moderata
603 813 667 851 esse
697 793 848 870 potuisse;
879 814 913 853 ea
934 801 1032 854 autem

90 879 222 938 adhibita
251 880 384 940 doctrina
411 887 457 939 est
484 901 557 958 quse
584 882 630 940 vel
656 881 871 942 vitiosissimam
896 890 1032 944 naturam

90 969 222 1030 excolere
248 971 352 1050 possit.
400 972 446 1030 Tu
472 989 563 1048 quum
588 973 736 1050 pecuniae,
764 993 853 1050 quum
879 975 1031 1052 voluptati,

89 1079 182 1136 quum
209 1061 339 1120 omnium
364 1080 463 1118 rerum
484 1061 639 1138 cupiditati
661 1062 780 1120 resistes
803 1068 838 1121 ut
860 1063 939 1135 facis,
966 1064 1031 1136 erit,

89 1149 185 1221 credo,
199 1150 361 1227 periculum
374 1170 412 1208 ne
424 1150 589 1228 improbum
609 1151 828 1228 negotiatorem,
842 1152 938 1228 paullo
952 1152 1031 1230 eupi-

89 1237 200 1297 diorem
213 1239 403 1317 publicanum
416 1241 604 1316 comprimere
616 1261 678 1300 non
690 1240 794 1318 possis.
835 1242 913 1299 Nam
926 1242 1032 1302 Graeci

89 1328 207 1405 quidem
231 1329 273 1387 sic
294 1335 327 1387 te
350 1329 393 1387 ita
413 1329 559 1388 viventem
578 1330 774 1389 intuebuntur
791 1336 826 1389 ut
839 1332 982 1408 quendam
996 1352 1031 1391 ex

88 1419 239 1477 annalium
251 1419 391 1477 memorie
404 1425 456 1477 aut
475 1419 563 1477 etiam
583 1421 619 1478 de
639 1421 717 1480 caelo
738 1420 866 1480 divinum
885 1421 1031 1480 hominem

88 1526 153 1567 esse
175 1507 209 1566 in
235 1508 414 1586 provinciam
441 1509 590 1586 delapsum
616 1515 731 1586 putent.
783 1513 810 1569 8.
834 1512 933 1588 Atque
960 1511 1030 1570 haee

88 1617 177 1670 nunc,
200 1619 263 1657 non
284 1605 320 1656 ut
340 1598 428 1656 facias
452 1598 504 1657 sed
521 1604 557 1656 ut
577 1604 608 1656 te
628 1599 724 1658 facere
737 1605 768 1658 et
781 1599 882 1658 fecisse
895 1600 1029 1676 gaudeas,

89 1688 193 1746 scribo.
236 1688 424 1751 Praeclarum
438 1693 483 1746 est
502 1688 579 1746 enim
600 1709 712 1747 summo
726 1708 793 1747 cum
805 1688 925 1766 imperio
939 1689 1030 1748 fuisse
1064 1679 1067 1686 ¹

88 1776 120 1834 in
133 1777 207 1836 Asia
220 1777 382 1836 triennium
397 1777 437 1836 sio
451 1783 486 1834 ut
499 1778 612 1836 nullum
626 1783 657 1836 te
670 1777 794 1854 signum,
807 1779 888 1838 nulla
907 1779 1029 1857 pictura,

123 1951 408 2012 Videatuc-protuiseer]
425 1951 482 1998 This
488 1951 544 1998 verb
576 1953 655 1999 ceived
672 1967 704 1999 no
720 1953 821 2013 training
839 1967 866 2000 or
882 1953 1028 2014 discipline.”

89 2014 216 2074 ‘possum'
233 2014 298 2060 osten
316 2027 396 2060 causes
410 2015 544 2074 greetdiffi-
577 2015 621 2061 See
632 2031 652 2062 c.
664 2018 688 2070 4,
706 2016 823 2062 “videtur
837 2015 967 2076 potuisse,”
982 2018 1029 2065 and

89 2077 172 2122 eulties
193 2080 220 2122 to
242 2076 351 2122 studente
372 2077 397 2121 in
420 2077 545 2137 rendering
576 2093 596 2124 c.
609 2076 830 2138 5,“fieripotuit.”

88 2139 139 2184 into
156 2138 264 2197 English,
275 2138 353 2197 owing
368 2143 393 2184 to
408 2139 449 2184 the
463 2140 543 2186 oonfu·
611 2141 706 2200 Crede]
740 2141 807 2188 Used
832 2140 858 2186 in
884 2155 899 2186 a
924 2141 982 2187 kind
1004 2143 1031 2188 of

89 2202 141 2247 sion
156 2201 211 2247 thet
227 2202 248 2246 is
265 2200 335 2246 made
349 2200 452 2247 between
463 2202 483 2246 it
498 2202 544 2248 and
574 2202 671 2248 ironicsl
682 2218 786 2249 manner.
820 2203 875 2248 Itis
886 2204 943 2249 used
954 2204 978 2249 in
991 2205 1028 2250 De

88 2263 183 2310 thense
198 2263 226 2309 of
239 2278 283 2309 our
298 2263 411 2322 auxiliary
425 2263 500 2320 verbs,
518 2279 544 2310 os
576 2264 630 2310 Seu.
651 2266 674 2320 7,
695 2266 794 2320 “eredo,
814 2264 884 2319 nisi‚”
902 2269 954 2319 tec,
973 2266 1029 2314 ine

87 2327 144 2386 they
155 2340 196 2372 are
207 2326 288 2372 eelled.
322 2326 371 2370 But
386 2326 544 2384 ‘possum’is
576 2327 684 2372 different
700 2342 766 2388 way;
793 2332 808 2355 ¹⁴
817 2328 923 2387 granted,
942 2327 963 2374 ir
981 2343 1028 2389 you

88 2403 103 2434 s
112 2389 178 2434 word
189 2388 217 2434 os
225 2388 325 2448 positive
336 2387 452 2447 meaning,
468 2388 543 2434 which
575 2388 668 2444 don’t‚’'
680 2393 722 2436 &a

88 2451 197 2498 contains
213 2451 255 2496 the
271 2451 413 2509 elementary
423 2451 547 2496 notionof
608 2452 927 2511 Sictes'turioentem—ut]
964 2451 1028 2498 Here

88 2511 543 2622 meretricetur}
574 2513 1030 2635 rueretrueret

88 2638 164 2694 heve,¹
175 2653 204 2684 or
219 2639 261 2683 the
276 2638 332 2690 like,
345 2607 467 2696 eppeer'in
478 2637 543 2696 ling·
574 2638 614 2684 liic
627 2609 660 2684 ’oi
675 2639 786 2694 Quintus,
806 2639 925 2685 described
943 2639 968 2684 in
986 2639 1028 2686 the

88 2700 141 2756 lish,
153 2701 212 2760 they
222 2715 262 2746 ere
272 2699 422 2759 represented
437 2699 469 2760 hy
479 2714 543 2746 some
574 2700 700 2760 preceding
710 2706 818 2746 sentence
827 2718 834 2756 3
851 2702 897 2747 and
913 2699 973 2748 ‘sic’
984 2701 1027 2750 hes

87 2763 149 2810 form
165 2763 194 2808 of
208 2761 336 2822 ‘possum'
347 2762 393 2806 and
404 2767 447 2808 not
462 2763 489 2808 oi
501 2763 543 2808 the
575 2762 632 2809 ‘ut'
644 2763 680 2808 for
691 2764 721 2809 its
732 2764 874 2809 correlative.

87 2825 144 2872 verb
166 2825 243 2871 which
264 2824 369 2884 depende
389 2839 454 2883 upon
473 2828 543 2884 ‘pos-
608 2826 892 2886 Summocumimperio]
928 2826 1027 2888 Aspre.

88 2887 158 2934 sum!
183 2887 250 2934 Thus
262 2892 277 2914 ‘⁴
287 2892 365 2946 potest
375 2887 426 2932 fieri
435 2885 451 2908 ”
464 2901 543 2932 means
574 2892 668 2947 praetor
690 2887 793 2938 Quintus
814 2887 860 2933 hod
878 2889 920 2934 the
937 2891 1027 2950 ‘impe-

88 2951 132 2997 “it
147 2951 168 2997 is
185 2947 314 3009 possible,''
332 2948 375 2994 “it
390 2948 459 2994 could
474 2949 544 2994 beor
574 2949 652 3005 rium,’
673 2964 699 2996 es
719 2954 744 2996 to
763 2949 839 2995 which
856 2955 915 2997 term
933 2966 971 2998 see
987 2954 1029 3000 the

87 3010 278 3067 eanbedone;”
297 3013 399 3070 “potuit
414 3011 489 3066 fieri,”
502 3012 544 3057 “it
574 3011 1027 3071 noteonc.7;sndDeSen.c.18,

87 3090 134 3122 sves
144 3072 276 3136 possible,’'
289 3074 327 3118 “it
338 3073 407 3119 could
418 3073 476 3118 heve
484 3072 544 3120 been
575 3079 639 3120 note.

87 3138 175 3184 done.''
208 3137 262 3183 'Ibe
278 3140 330 3181 text
347 3149 402 3195 may
420 3134 450 3180 be
467 3139 544 3181 trans·
611 3135 760 3196 Triennium]
805 3135 894 3182 Ursino
916 3151 1028 3198 proposes

87 3201 157 3257 aad,
168 3203 184 3226 “
192 3213 248 3260 yon,
265 3198 344 3244 whose
359 3197 452 3242 natural
466 3197 544 3257 dispo-
575 3203 600 3245 to
611 3197 666 3244 read
677 3196 830 3243 ‘biennium'

79 3264 156 3311 sitien
175 3263 196 3308 ie
215 3261 282 3316 such,
301 3261 354 3306 thet
367 3274 414 3319 uny
430 3273 475 3304 one
491 3274 545 3320 may
610 3259 786 3318 Sipnum,&c.]
821 3258 1028 3305 Asiewssriohin

87 3325 176 3374 believe
186 3325 239 3371 that
249 3324 270 3370 it
281 3323 348 3369 corild
358 3321 544 3380 havedisplayed
575 3323 652 3368 works
669 3321 696 3366 oi
711 3325 755 3374 ert,
774 3320 854 3376 things
872 3321 949 3364 which
963 3320 1028 3364 osten

88 3387 262 3443 seli-restraint,
283 3399 342 3432 even
360 3384 381 3430 ii
399 3383 419 3429 it
442 3383 489 3428 hed
507 3397 544 3429 re.
569 3382 690 3500 {turned
707 3381 750 3428 the
768 3379 873 3438 cupidity
890 3379 917 3424 oi
935 3380 1028 3424 Romen
