2372 3758
138 814 377 890 EPISTOLA
397 814 459 886 AD
483 813 704 900 QUINTUM
725 813 961 886 FRATREM.

458 1042 652 1054 ——--—-

327 1205 499 1264 Manuos
521 1205 557 1280 o.
578 1205 734 1264 suarm
755 1205 783 1262 s.

120 1337 145 1395 I.
168 1339 196 1394 l.
224 1332 294 1391 Etsi
313 1352 373 1390 non
394 1332 559 1391 dubitabam
581 1332 652 1409 quin
671 1332 745 1390 bano
766 1330 917 1408 epistolam
937 1331 1022 1390 multi

82 1425 187 1496 nuntii,
200 1424 282 1481 fama
295 1421 418 1500 denique
432 1427 509 1480 esset
526 1421 590 1499 ipsa
608 1441 660 1479 sua
678 1421 825 1480 eeleritate
843 1427 1022 1498 superatura,

82 1522 172 1594 tuque
186 1518 258 1572 ante
272 1512 309 1569 ab
323 1511 386 1568 aliis
407 1511 560 1569 auditurus
579 1530 657 1568 esses
674 1531 781 1570 annum
796 1510 916 1568 tertium
930 1530 1023 1569 aooes-

82 1605 153 1664 sisse
167 1601 312 1662 desiderio
325 1607 427 1658 nostro
441 1606 472 1658 et
484 1600 577 1665 labori
587 1606 653 1671 tu0;
673 1606 774 1658 tamen
782 1600 942 1658 existimavi
950 1620 968 1657 a
977 1621 1024 1660 me

81 1712 196 1772 quoque
217 1691 275 1748 tibi
295 1690 382 1767 hujus
404 1689 554 1747 molestiae
575 1689 713 1747 nuntium
736 1689 857 1766 perferri
880 1695 1023 1766 oportere.

82 1785 160 1842 Nam
183 1779 383 1857 superioribus
403 1779 510 1838 litteris
532 1799 592 1838 non
615 1779 682 1838 unis
705 1780 755 1838 sod
776 1779 916 1857 pluribus,
935 1801 1025 1858 quum
1052 1853 1054 1866 .

77 1874 138 1952 jam
152 1873 189 1932 ab
204 1871 271 1928 aliis
285 1869 437 1946 desperata
456 1889 503 1928 res
524 1875 609 1941 esset,
623 1875 723 1927 tamen
735 1869 791 1928 tibi
805 1889 858 1946 ego
872 1890 953 1948 spem
965 1891 1024 1930 ma·

81 1970 165 2021 turae
181 1959 358 2019 decessionis
376 1959 547 2030 afferebam3
567 1979 628 2017 non
648 1959 742 2017 solum
762 1964 796 2017 ut
817 1979 912 2036 quam=
923 1959 1024 2019 diutis-

82 2053 153 2112 sime
168 2057 199 2110 te
209 2049 343 2128 jucunda
354 2048 490 2125 opinione
504 2049 685 2120 oblectarem,
697 2049 848 2106 sedetiam
861 2049 929 2126 quia
941 2055 1026 2110 tanta

82 2142 277 2201 adhibebatur
290 2143 321 2196 et
335 2158 352 2196 a
364 2138 449 2196 nobis
462 2143 493 2196 et
507 2157 525 2196 a
542 2138 726 2216 praetoribus
745 2139 895 2197 eontentio
915 2145 1026 2199 utrem

82 2251 167 2309 posse
182 2227 289 2288 confici
301 2247 363 2286 non
373 2227 538 2286 diffiderem.
580 2231 607 2285 2.
622 2229 654 2285 N
654 2247 713 2286 uno
723 2227 859 2305 quoniam
868 2229 911 2286 ita
921 2230 1026 2287 aoeidit

83 2328 117 2380 ut
137 2339 236 2396 neque
260 2322 409 2395 praetores
428 2317 489 2375 suis
507 2317 611 2394 opibus
631 2337 726 2394 neque
744 2337 798 2375 nos
811 2323 913 2375 nostro
928 2319 1025 2376 studio

84 2411 242 2488 quidquam
264 2407 402 2484 profioere
424 2426 584 2484 possemus,
609 2412 655 2465 est
678 2407 797 2465 omnino
824 2407 938 2465 difficile
964 2427 1026 2466 non

84 2500 212 2576 graviter
231 2497 262 2554 id
282 2497 376 2566 serre3
397 2497 449 2554 sed
468 2501 567 2554 tamen
586 2502 703 2555 nostros
723 2497 834 2554 animos
850 2496 981 2555 maximis
994 2497 1026 2556 in

84 2591 171 2649 rebus
185 2592 217 2647 et
231 2586 365 2663 gerendis
379 2591 410 2644 et
423 2586 602 2645 sustinendis
623 2587 795 2644 exercitatos
815 2585 911 2662 frangi
929 2592 960 2644 et
978 2587 1027 2645 de·

118 2755 140 2800 l.
157 2747 338 2808 Etsi-tomen]
357 2749 465 2796 Thisiea
476 2763 540 2795 eom·
572 2749 647 2805 oedo,’
664 2749 685 2796 is
700 2749 741 2795 the
752 2747 816 2793 word
831 2749 890 2796 used
905 2754 931 2798 to
941 2751 1027 2814 signify

85 2831 141 2862 mon
150 2815 214 2860 form
226 2811 254 2858 of
262 2817 372 2858 sentence
381 2812 407 2857 in
418 2811 541 2859 Cioero.—
572 2826 587 2858 a
605 2810 740 2872 governor’s
757 2810 850 2870 leaving
866 2811 903 2858 his
917 2814 1027 2874 provinoe

85 2874 275 2924 ¹Dubitsbam2'
293 2889 328 2920 we
343 2889 392 2934 say,
410 2875 540 2933 ‘thoughl
572 2878 598 2921 at
623 2875 665 2920 the
691 2872 822 2933 expiration
848 2873 876 2919 ol
899 2875 936 2923 his
958 2882 1026 2924 term.

85 2941 115 2987 do
136 2944 181 2986 not
199 2935 291 2984 doubt!
324 2936 368 2982 See
389 2936 435 2996 Ep.
454 2937 507 2982 Lib.
523 2937 539 2982 i.
574 2936 644 2982 ‘Ex'
661 2951 689 2983 or
706 2936 752 2980 ‘de
768 2935 935 2994 provincia’is
950 2953 1027 2988 some·

89 3005 114 3050 ll
124 3021 130 3048 :
144 3005 316 3060 ‘eret-quim
324 2999 381 3046 haec
389 2998 517 3046 scribebam
525 2997 540 3055 3'
572 2999 642 3046 times
650 2997 731 3059 joined
741 2996 799 3042 with
812 2997 854 3043 the
863 3001 919 3046 verb
929 3018 935 3058 3
952 3017 1028 3049 some·

84 3065 260 3112 ondtbenote.
357 3074 360 3082 ’
572 3063 642 3108 timos
663 3063 683 3108 it
703 3061 724 3107 is
745 3058 851 3106 omitted.
890 3063 943 3110 The
964 3065 1028 3111 word

117 3127 222 3174 Litteris
248 3139 296 3171 noa
321 3123 385 3186 aab]
421 3123 542 3170 'litterae
572 3125 649 3170 which
664 3125 685 3170 is
701 3120 796 3182 applied
812 3125 837 3166 to
853 3123 895 3171 tho
911 3141 1029 3174 suoeossor

86 3189 164 3245 anse,'
187 3201 233 3234 one
251 3187 342 3248 epistle,
365 3185 467 3240 ‘binae'
485 3190 541 3242 tvo,
572 3187 598 3232 in
619 3187 661 3232 the
681 3187 837 3246 govemment
856 3185 878 3232 is
900 3188 1028 3235 ‘mecedo’

86 3252 133 3298 and
148 3266 174 3298 so
190 3265 230 3297 on.
264 3247 394 3308 SeeKey's
409 3249 541 3305 Grammar,
573 3245 803 3306 Taeitrrs,Agrio.7‚
816 3245 1029 3305 ‘decessor,'‘suc·

90 3317 158 3370 lom,
169 3328 203 3360 on
214 3311 304 3358 ‘unus'
316 3312 342 3356 in
352 3311 393 3356 the
403 3311 488 3370 plural.
574 3310 667 3357 oessor!

119 3373 280 3434 Decurionir]
295 3371 420 3428 ‘Decetia’
429 3377 473 3417 not
483 3370 542 3416 ‘dis-
