2372 3758
140 131 180 188 es
249 205 255 214 J
515 126 704 186 nunnus.

139 271 307 342 lescentiam
327 281 539 358 perduxissent,
555 280 650 340 dirimi
668 284 768 338 tamen
787 278 935 338 interdum
956 284 1064 338 eonten-

139 373 219 430 tioue
231 372 278 430 vel
296 371 413 429 uxoriae
434 369 617 442 conditionis,
630 369 839 428 velcommodi
858 369 980 446 alicujus
997 369 1065 446 quod
1138 394 1141 398 ·

138 462 215 520 idem
228 460 347 538 adipisci
359 465 482 536 uterque
495 479 555 518 non
567 463 675 536 posset.
714 458 800 532 Quod
814 459 838 516 si
852 459 1065 535 quilongiusin
1168 507 1169 510 ,

139 550 264 609 amicitis
286 549 416 626 provecti
442 555 549 619 essent,
571 553 671 606 temen
697 567 782 625 saepe
805 548 972 606 labefactari
994 549 1066 607 siin

138 639 256 699 honoris
279 639 495 698 contentionem
516 637 705 696 incidissentr
731 643 844 714 pestem
865 637 943 695 enim
964 637 1067 695 nullam
1168 657 1169 664 ¹

138 729 276 807 majorem
299 748 363 787 esse
385 729 417 786 in
442 727 576 786 amicitiis
599 746 686 804 quum
707 727 741 786 in
765 727 910 804 plerisque
935 727 1066 804 pecuniae

139 819 336 896 cupiditatem,
355 837 387 876 m
411 817 528 894 optimis
550 817 711 894 quibusque
733 817 851 875 honoris
874 821 1019 875 certamen
1039 822 1067 874 et

139 908 263 984 gloriam
283 927 319 966 ex
335 927 391 984 quo
405 905 576 964 ‘inimicitias
598 906 735 964 mammas
759 925 844 983 saepe
864 906 943 964 inter
962 905 1067 964 amicis-

139 997 227 1055 simos
240 996 395 1054 exstitisse.
436 999 484 1054 35.
504 995 616 1072 Magna
628 995 717 1054 etiem
730 995 849 1054 discidia
862 1001 893 1053 et
905 997 1068 1073 plerumque

135 1086 218 1164 juste.
229 1085 318 1157 nesci,
329 1105 419 1162 quum
432 1085 540 1162 aliquid
553 1085 589 1143 ab
603 1084 701 1144 amicis
711 1085 789 1161 quod
800 1090 913 1144 rectum
923 1075 984 1144 non
996 1093 1069 1146 esset

138 1175 343 1251 postularem,
356 1179 391 1232 ut
404 1178 456 1232 aut
468 1173 595 1233 libidinis
609 1173 735 1232 ministri
748 1178 800 1232 aut
814 1174 961 1252 adjutores
975 1183 1070 1236 essent

139 1263 176 1322 ad
198 1263 342 1342 injuriam.
385 1264 471 1337 Quod
492 1263 543 1341 qui
564 1268 740 1335 recusarent,
754 1264 883 1340 quemvis
903 1265 1023 1324 honeste
1041 1267 1071 1324 id

138 1352 276 1425 facerent,
287 1353 336 1432 jus
349 1358 449 1412 tamen
468 1353 611 1412 amicitiae
631 1353 762 1410 deserere
783 1359 976 1428 arguerentur
988 1356 1024 1413 ab
1036 1355 1071 1415 iis

139 1442 244 1520 quibus
258 1443 377 1521 obsequi
389 1444 518 1514 nollent;
537 1442 602 1500 flios
620 1447 727 1514 autem,
741 1441 792 1520 qui
804 1443 916 1519 quidvis
932 1443 968 1502 ab
982 1444 1071 1504 amico

138 1533 280 1592 auderent
301 1534 456 1610 postulare,
470 1531 666 1608 postulatione
685 1532 749 1609 ipse
772 1532 902 1609 profiteri
925 1534 1022 1592 omnia
1042 1553 1072 1593 se

138 1622 223 1680 amici
236 1642 323 1680 cause
335 1642 398 1680 esse
415 1623 543 1680 facturos
554 1646 560 1680 ι
582 1641 682 1680 eorum
696 1623 812 1700 querele
824 1622 1000 1682 inveteratas
1012 1643 1074 1682 non

138 1710 223 1768 modo
236 1711 445 1770 familiaritates
467 1711 614 1788 exstingui
634 1711 734 1782 solere,
749 1711 800 1770 sed
813 1712 901 1770 etism
914 1712 980 1771 odis
993 1713 1073 1791 gigni

138 1799 323 1876 sempiterna.
364 1801 448 1858 Heec
467 1801 511 1858 ita
530 1801 623 1861 multe
636 1801 718 1878 qussi
737 1801 798 1858 fate
818 1801 983 1878 impendere
1004 1803 1074 1868 ami-

138 1887 215 1945 citiis
239 1893 274 1946 ut
297 1888 394 1946 omnis
420 1888 622 1968 subterfugere
644 1910 715 1948 non·
732 1889 816 1948 modo
841 1891 999 1968 sapientise
1023 1893 1076 1952 sed

137 1977 225 2038 etiam
238 1977 384 2036 felicitatis
398 1977 508 2036 ffioeret
521 1979 577 2038 sibi
588 1979 722 2126 vider'p,

176 2067 235 2127 XI.
256 2071 303 2128 36.
326 2067 520 2143 Quamobrem
542 2068 573 2126 id
596 2068 671 2146 prim
692 2089 722 2126 ιιι
742 2069 898 2141 videamus,
921 2069 946 2128 si
968 2071 1076 2148 placet,

137 2164 281 2236 quatenus
304 2179 384 2218 amor
408 2157 441 2216 in
467 2158 593 2218 amicitia
619 2158 754 2236 progredi
780 2157 891 2218 debeat.
932 2160 1025 2234 Num,
1051 2161 1078 2220 si

137 2320 299 2382 cmits‘toga,’
308 2321 445 2382 thoughthe
455 2319 508 2367 best
515 2319 587 2366 MSS.
620 2319 730 2376 Terence,
751 2319 845 2367 Phorm.
863 2321 894 2367 iv.
915 2323 935 2377 1,
955 2320 990 2381 3).
1025 2323 1079 2370 But

137 2383 196 2430 bave
206 2385 233 2430 it.
267 2384 325 2430 Itis
340 2388 393 2430 true
408 2382 589 2442 thst‘toga’is
620 2383 687 2428 there
703 2383 780 2428 would
798 2383 829 2428 be
845 2398 877 2429 no
889 2385 1004 2467 ,running
1018 2386 1080 2432 hera

137 2446 202 2492 osten
218 2446 316 2493 omitted
325 2447 394 2494 when
410 2443 558 2507 ‘’praetexta
568 2445 589 2492 is
620 2445 768 2492 unlessthe‘
778 2445 896 2502 eonditor
913 2446 986 2492 about
996 2448 1080 2495 which

136 2509 202 2556 used
619 2507 661 2553 the
680 2511 771 2552 contest
788 2522 841 2563 was,
858 2522 919 2553 were
940 2510 1079 2569 explained.

172 2570 288 2630 Uroriae]
322 2569 362 2616 All
378 2571 419 2616 the
438 2570 509 2616 MSS.
525 2583 588 2616 seem
620 2569 671 2615 'Ibe
686 2569 793 2615 matter
786 2583 807 2615 rs
823 2584 837 2615 a
852 2584 944 2616 woman
959 2571 997 2618 for
1012 2573 1080 2628 wife,

137 2632 247 2679 toheve‘
252 2633 373 2689 luxuriae,
385 2632 588 2679 whichManutius
620 2632 666 2677 and
682 2631 724 2678 the
738 2632 830 2692 disputo
846 2631 929 2678 iswho
943 2633 1004 2680 shall
1015 2635 1083 2682 have

137 2695 193 2740 tries
208 2698 234 2740 to
250 2695 358 2753 explain,
375 2695 419 2741 but
433 2695 475 2740 it
468 2709 488 2739 is
503 2694 587 2740 anob·
620 2694 670 2740 her.

136 2757 202 2802 vicus
213 2771 283 2811 error,
296 2757 343 2801 and
360 2757 404 2802 has
420 2756 569 2815 origincted
563 2771 589 2802 ιιι
651 2757 759 2802 Honoris
770 2757 973 2819 consentionem*
981 2759 1083 2806 Honor'

137 2818 178 2864 the
199 2818 237 2864 l'
259 2789 286 2863 oi
305 2819 346 2864 the
367 2819 490 2878 preceding
516 2818 587 2864 word.
619 2817 662 2863 bas
683 2819 714 2863 its
733 2818 826 2864 Roman
844 2821 1085 2869 sense.⁴Hon01-is

136 2879 260 2926 Turnebus
271 2881 388 2926 eonem
398 2881 438 2926 the
449 2894 519 2925 error.
536 2880 588 2925 The
619 2879 754 2926 eontentio’
766 2894 846 2926 means
862 2882 984 2942 rivalryin
999 2885 1085 2931 ambi-

137 2947 153 2970 “
162 2944 280 2989 contentio
291 2943 384 2988 uxoriae
395 2941 557 2988 conditionis”
568 2943 588 2988 is
618 2942 676 2996 tion,
695 2941 721 2986 in
740 2942 835 3002 secking
850 2944 1036 2992 the‘bonores'
1058 2948 1089 2992 oi

136 3005 499 3064 therivslryinamatrimonial
514 3005 587 3050 affair.
618 3004 660 3050 tbe
676 3007 745 3049 state.
777 3003 859 3050 Cicero
874 3007 924 3052 also
940 3021 1002 3068 says,
1017 3009 1088 3056 ‘ho-

137 3065 275 3114 ‘Conditio'
293 3066 358 3111 itself
373 3081 427 3126 may
444 3067 473 3112 be
488 3067 547 3112 used
562 3071 588 3112 to
619 3081 703 3112 norum
713 3067 831 3113 contentio
841 3067 847 3089 ’
859 3065 908 3128 (De
919 3068 967 3114 off.
979 3069 996 3115 i.
1009 3069 1072 3133 25).

136 3128 369 3187 signifyamerriage
379 3129 451 3183 affair
459 3129 537 3174 where
547 3129 588 3174 the
651 3128 797 3187 Felicitatis]
833 3128 963 3176 ‘Felicitas
981 3133 1003 3178 is
1015 3133 1091 3192 good

136 3194 232 3236 context
249 3189 329 3235 makes
344 3190 365 3235 it
381 3190 442 3238 clear
452 3191 515 3236 what
530 3191 588 3236 kind
619 3190 720 3236 fortune.
754 3189 899 3236 Sullsealled
907 3192 1025 3240 himself‘
1036 3195 1091 3242 Fe·

135 3251 186 3297 ofn
197 3250 327 3298 ‘conditio’
340 3265 366 3296 or
377 3252 522 3298 termsofs
522 3268 588 3311 gr-ee
619 3251 669 3308 lix,'
680 3252 721 3296 the
732 3251 848 3296 fortunate
859 3249 947 3314 (caru
949 3255 998 3311 dc).

136 3311 212 3360 ment'
230 3327 269 3360 era
286 3313 399 3360 intended
416 3312 502 3376 (liv.
496 3316 528 3362 rii.
540 3317 587 3372 453
652 3285 688 3360 ll.
698 3314 765 3358 Num
766 3313 812 3373 μί]
827 3272 991 3374 Seyffertbes‘
996 3317 1092 3366 Num.
