2296 3752
263 193 567 257 EPISLOLARUM
586 195 706 255 LIBRI
726 195 826 253 DUO.
954 197 1013 254 203

70 347 144 406 rllud
157 348 356 406 certissimum
369 349 451 426 cujus
465 368 551 408 causa
566 349 687 407 inventa
699 369 746 407 res
759 348 823 426 ipsa
837 352 891 420 est,
905 351 940 406 ut
954 367 1014 408 cer-

71 437 161 495 tiores
175 437 338 496 faceremus
352 437 495 510 absentes,
510 439 535 496 si
548 439 618 516 quid
631 447 709 496 esset
722 438 799 515 quod
813 457 862 496 eos
877 437 950 496 scire
963 442 1015 496 aut

71 532 175 584 nostra
196 531 250 584 aut
271 526 401 604 ipsorum
420 527 583 586 interesset.
625 528 727 604 Hujus
745 527 859 603 generis
877 527 977 586 literas
997 546 1015 586 a

72 635 119 672 me
132 615 267 694 profecto
280 636 342 674 non
360 623 516 694 exspectas.
557 618 685 675 Tuarum
699 616 777 674 enim
793 636 891 674 rerum
904 616 1014 675 domes·

72 705 149 762 ticos
162 704 253 762 habes
267 710 299 763 et
313 705 466 783 scriptores
480 711 510 764 et
520 705 650 765 nuntios.
681 706 720 763 In
729 705 801 764 meis
814 711 913 764 autem
927 706 1015 765 rebus

72 794 149 851 nihil
163 799 209 852 est
223 814 293 853 sane
306 795 382 854 novi.
416 795 540 873 Reliqua
553 801 623 854 sunt
637 794 824 872 epistolarum
838 799 944 871 genera
958 795 1015 854 duo

74 903 150 960 quae
163 903 211 941 rne
224 903 331 960 magno
350 904 434 961 opere
455 885 617 958 delectant;
636 905 728 943 unum
744 884 883 944 familiare
897 891 927 944 et
937 885 1015 964 joco-

75 993 151 1044 sum,
166 973 292 1030 alterum
313 993 442 1032 severum
461 979 492 1033 et
510 995 603 1051 grave.
645 975 723 1033 Utro
742 994 788 1032 me
805 975 901 1034 minus
916 974 1016 1034 deceat

74 1062 123 1120 uti
146 1082 209 1120 non
227 1062 370 1139 intelligo.
411 1063 535 1122 Jooerne
558 1069 656 1122 tecum
680 1083 733 1141 per
752 1063 876 1122 literas?
917 1064 1017 1123 Civem

76 1152 242 1210 mehercule
255 1173 318 1211 non
330 1157 402 1230 puto
416 1173 479 1212 esse
493 1153 543 1230 qui
555 1153 735 1231 temporibus
748 1153 793 1211 his
806 1153 901 1212 ridere
914 1155 1016 1231 possit.

77 1244 129 1300 An
151 1243 267 1318 gravim
289 1242 398 1320 aliquid
418 1242 565 1302 scribam?
588 1243 658 1320 quid
680 1248 725 1302 est
744 1243 821 1320 quod
840 1243 933 1321 possit
954 1263 1017 1320 gra-

76 1332 156 1390 viter
175 1353 192 1390 a
211 1332 352 1391 Cicerone
374 1331 461 1394 scribi
481 1332 518 1390 ad
532 1333 689 1392 (lurionem
709 1333 767 1390 nisi
780 1333 815 1391 de
828 1353 860 1391 re
879 1332 1018 1410 publica?
1049 1322 1054 1330 ⁴

78 1421 180 1498 Atque
193 1421 226 1479 in
238 1421 295 1480 hoc
308 1441 415 1497 genere
425 1421 495 1480 haec
507 1441 571 1480 mea
584 1442 671 1480 causa
681 1427 735 1495 est,
745 1427 780 1480 ut
793 1441 887 1499 neque
902 1441 1019 1500 eaquae

78 1531 161 1570 nunc
181 1512 277 1570 sentio
297 1511 381 1570 velim
401 1511 533 1570 scribere.
575 1511 778 1585 Quamobrem,
792 1511 928 1589 quoniam
948 1511 1020 1570 mihi

78 1602 195 1660 nullum
209 1601 354 1660 scribendi
371 1607 574 1682 argumentum
593 1601 728 1660 relictum
748 1605 803 1674 est,
816 1605 884 1660 utar
897 1621 931 1660 ea
944 1602 1020 1660 elau·

81 1693 147 1750 sula
166 1711 223 1768 qua
243 1691 330 1762 soleo,
345 1696 431 1769 teque
454 1691 491 1750 ad
511 1691 639 1750 studium
661 1711 788 1750 summae
807 1690 901 1750 laudis
921 1690 1020 1748 eohor-

80 1783 176 1840 tabor.
216 1783 273 1840 Est
300 1781 378 1840 enim
403 1781 459 1840 tibi
488 1781 582 1858 gravis
612 1781 773 1840 adversaria
802 1779 963 1840 constituta
990 1783 1021 1838 et

81 1878 193 1949 parate,
213 1871 391 1930 incredibilis
414 1871 553 1948 quaedam
580 1871 766 1948 exspectatio,
790 1889 877 1947 quam
902 1873 938 1928 tu
960 1889 1020 1928 una

81 1983 116 2021 re
132 1961 266 2020 facillime
279 1961 385 2032 vinces,
400 1961 426 2018 si
443 1961 498 2018 hoc
520 1961 666 2031 statueris,
681 1951 801 2037 quarum
822 1959 941 2017 laudum
961 1959 1022 2036 glo·

82 2052 157 2111 riam
170 2051 321 2122 ademeris,
335 2050 440 2127 quibus
460 2049 572 2108 artibus
586 2069 636 2108 eae
649 2049 749 2108 laudes
765 2053 977 2127 comparantur,
990 2050 1023 2108 in

83 2141 120 2200 iis
146 2161 210 2200 esse
237 2139 451 2199 elaborandum.
502 2139 541 2198 In
565 2139 639 2198 hanc
667 2138 843 2198 sententiam
868 2138 1022 2198 scriberem

82 2233 177 2310 plura,
190 2230 249 2289 nisi
261 2236 293 2289 te
307 2235 360 2288 tua
378 2234 482 2307 sponte
501 2229 572 2288 satis
585 2229 740 2288 incitatam
756 2247 819 2288 esse
832 2230 1022 2288 confiderem:

85 2328 116 2381 et
129 2323 185 2380 hoe
199 2320 340 2398 quidquid
357 2319 443 2396 attigi
455 2339 517 2378 non
533 2319 590 2384 feei
605 2318 802 2378 milammaudi
814 2318 860 2378 tui
873 2337 960 2378 causa
973 2318 1024 2377 sed

84 2411 263 2471 testificandi
275 2409 381 2468 amoris
394 2409 460 2468 mei.

118 2577 213 2624 Nostra
233 2577 277 2621 aut
297 2573 413 2635 prowm]
448 2572 541 2620 Protes-
573 2571 600 2620 of
620 2576 677 2621 ‘not
698 2571 764 2620 even’
785 2573 807 2621 ia
825 2573 884 2626 used
902 2573 935 2636 by
956 2573 1025 2636 Livy,
1065 2618 1068 2623 ,

86 2655 125 2687 sor
136 2639 192 2698 Key
203 2637 346 2700 (Grammar‚
364 2635 422 2699 910)
437 2637 542 2698 explains
572 2636 676 2692 Tacitus,
690 2637 738 2683 and
747 2637 807 2683 later
816 2637 912 2693 writers,
929 2637 973 2684 but
983 2640 1026 2685 not

87 2699 542 2760 ‘nostrainterest'tobeaoorrnptiou
573 2698 606 2760 by
617 2699 706 2747 Cicero.
740 2699 793 2746 Still
802 2699 850 2746 this
860 2699 935 2760 single
945 2714 1025 2746 exam

87 2766 114 2813 οἰ
122 2771 129 2792 ⁴
136 2768 242 2810 nostram
252 2763 314 2809 inter
324 2777 375 2808 rem
386 2761 438 2809 est!
469 2762 495 2808 If
503 2762 543 2809 the
574 2761 613 2823 ple
623 2762 648 2807 in
660 2761 741 2808 Cicero
751 2775 806 2823 may
815 2761 846 2808 ba
857 2762 966 2822 geunim.

87 2827 269 2890 explanationis
280 2828 375 2880 correct,
390 2825 432 2871 the
442 2825 543 2884 genitive
605 2825 784 2884 Ecspeotatiod
819 2823 890 2871 Curio
906 2839 954 2872 was
973 2839 1028 2872 now

0 2887 1 2900 ¹
87 2891 145 2938 with
156 2887 278 2936 ‘interest’
289 2889 310 2936 ia
322 2888 393 2949 easily
401 2887 531 2947 explained.
575 2893 684 2948 quaestor
699 2887 724 2932 in
742 2887 806 2944 Asia,
824 2887 902 2934 where
916 2888 954 2934 bis
971 2902 1028 2935 con·

119 2954 206 3014 Neque
216 2952 255 3012 ea]
291 2951 393 3011 Perhaps
411 2951 544 3009 something
575 2949 639 3004 duct,
658 2963 684 2996 as
702 2949 782 2996 Cicero
804 2963 865 3010 says,
885 2964 943 3010 gave
962 2953 1029 3010 great

87 3015 236 3071 isomitted,
254 3014 292 3060 for
308 3028 344 3061 we
361 3013 445 3060 should
461 3017 544 3073 expect
574 3011 648 3072 hopes
670 3010 698 3057 of
715 3011 752 3058 his
773 3012 852 3059 lirture
870 3027 955 3060 career.
988 3013 1029 3060 On

87 3079 188 3127 another
200 3079 301 3138 ‘neque'
313 3089 340 3122 or
351 3075 425 3130 ‘nee'
436 3075 544 3122 followed
574 3074 611 3120 his
622 3077 704 3120 return
714 3074 745 3120 he
754 3089 802 3122 was
817 3074 906 3122 elected
919 3075 1029 3122 tribunus

88 3143 120 3205 by
142 3141 276 3200 something
302 3139 357 3186 else.
397 3139 478 3199 Siipfle
501 3138 544 3183 has
576 3136 657 3196 plebis,
680 3149 728 3184 no.
751 3139 790 3191 to,
808 3141 833 3184 at
854 3137 943 3183 atime
961 3137 1029 3183 when

90 3210 132 3253 ‘ut
146 3220 178 3252 ue
194 3218 223 3250 ea
234 3202 329 3264 quidem
340 3200 416 3262 quae,'
431 3201 508 3248 which
525 3200 546 3246 is
578 3199 663 3246 Caesar
673 3199 720 3245 aud
731 3198 776 3246 Cu.
788 3199 913 3259 Pompeius
927 3198 982 3244 held
998 3197 1030 3244 all

89 3283 173 3380 abrasa
186 3265 301 3377 prtqlqule
318 3262 547 3373 emapdmssn.aefle
577 3261 721 3372 thuqrpoLwQ
740 3261 788 3310 and
802 3275 863 3310 wera
881 3260 952 3320 ready
961 3259 998 3306 sor
1015 3273 1030 3306 a

89 3346 104 3379 o
173 3344 200 3378 es
289 3341 366 3388 nequa
386 3341 412 3373 ιιι
455 3340 469 3373 e
504 3339 547 3372 nae
578 3339 595 3385 q
