2372 3758
158 179 198 236 92
301 244 304 250 ¹
535 178 724 238 LAELIUS.

159 351 340 410 generosum,
352 337 389 392 ut
401 333 444 392 ita
457 333 558 406 dicam
573 339 670 406 crtum
690 331 832 392 amicitiae
845 354 932 412 quam
950 353 986 393 ex
998 333 1081 412 inopia

159 428 246 500 atque
269 423 430 500 indigentia
453 429 553 482 natam
575 424 687 482 volunt.
728 423 816 497 Quod
839 425 864 482 si
886 425 929 484 ita
952 430 1034 496 esset,
1052 431 1081 484 ut

159 513 280 590 quisque
293 513 444 572 minimum
457 513 489 570 iu
502 533 533 571 ee
547 533 610 570 esse
623 513 821 585 arbitraretur,
835 513 878 572 ita
890 515 928 572 ad
940 513 1082 573 amicitiam

158 607 236 660 esset
257 601 442 679 aptissimus:
470 602 547 680 quod
568 603 654 678 longe
679 622 761 660 secua
784 609 838 661 est.
879 607 927 662 30.
949 605 994 662 Ut
1015 604 1082 662 enim
1179 591 1180 598 ἵ

158 691 279 769 quisque
293 691 348 750 sibi
360 692 517 778 plurimum
530 692 658 763 confidit,
672 697 703 750 et
721 697 756 749 ut
769 693 890 770 quisque
903 693 1024 752 maxime
1035 693 1082 752 vir·

157 786 224 840 tute
242 787 273 840 et
295 782 436 859 rapientia
456 782 497 840 sic
519 781 650 840 munitus
671 786 771 840 estut
792 783 873 841 nullo
887 787 971 859 egeat
987 803 1084 861 suaque
1179 775 1180 796 ³

158 871 256 929 omnia
267 871 300 928 in
313 891 344 930 ee
356 871 420 948 ipso
433 871 529 948 posita
538 870 659 948 judicet,
672 871 715 928 ita
728 870 761 928 in
778 871 912 930 amicitiis
926 872 1085 950 expetendis

158 961 343 1038 colendisque
363 961 486 1018 maxime
506 961 629 1018 excellit.
672 960 752 1034 Quid
771 961 858 1034 enim,
877 961 1030 1021 Africanus
1047 962 1085 1020 in·

159 1050 260 1128 digens
279 1050 361 1110 mei?
401 1049 527 1108 Minime
547 1049 661 1108 hercle:
682 1069 716 1108 ac
736 1070 774 1108 ne
796 1070 849 1127 ego
864 1051 981 1128 quidem
999 1051 1087 1122 illius3

159 1141 211 1198 sed
231 1161 285 1218 ego
307 1139 496 1222 admiratique
520 1139 642 1217 quadam
662 1139 780 1198 virtutis
804 1141 875 1218 ejus,
899 1141 948 1199 ille
971 1141 1087 1199 vicissim

158 1231 294 1309 opinione
306 1231 429 1290 fortasse
442 1230 584 1288 nonnulla
593 1250 679 1307 quam
693 1229 729 1288 de
743 1230 815 1289 meis
829 1231 958 1289 moribus
971 1231 1090 1290 habebat
1179 1255 1180 1266 ¹

158 1340 205 1379 me
219 1321 336 1392 dilexit;
356 1321 437 1380 auxit
450 1320 680 1379 benevolentiam
693 1321 883 1379 consuetudo.
925 1321 982 1380 Sed
998 1341 1090 1398 quam·

158 1430 244 1488 quam
265 1412 408 1470 utilitates
428 1411 537 1470 multae
559 1415 590 1469 et
609 1429 730 1487 magnae
747 1416 923 1472 consecutae
943 1416 1022 1483 sunt,
1035 1431 1092 1470 non

62 1565 67 1578 Ι
159 1507 341 1560 sunttamen
354 1501 389 1559 ab
403 1521 502 1559 earum
517 1520 568 1578 spe
582 1519 685 1558 caueae
699 1500 838 1577 diligendi
850 1501 1006 1582 profectae.
1045 1506 1093 1561 31.

158 1590 204 1649 Ut
227 1591 305 1650 enim
329 1590 450 1649 benefici
470 1590 658 1666 liberalesque
683 1610 783 1649 sumus
806 1611 867 1649 non
889 1596 925 1649 ut
948 1591 1095 1668 exigamus

157 1681 289 1756 gratiam,
311 1699 406 1757 neque
430 1679 507 1737 enim
528 1679 700 1738 beneficium
723 1680 897 1752 feneremur,
920 1681 971 1740 sed
991 1687 1097 1741 nature

157 1769 295 1849 propensi
308 1769 345 1827 ad
362 1769 565 1827 liberalitatem
585 1789 704 1841 sumus;
725 1770 767 1829 sic
788 1770 944 1830 amicitiam
964 1791 1026 1830 non
1046 1793 1098 1850 spe

157 1860 296 1920 mercedis
320 1859 446 1930 adducti,
466 1859 518 1916 sed
539 1860 617 1936 quod
640 1859 734 1918 omnis
757 1861 821 1938 ejus
842 1860 957 1920 fructus
980 1861 1099 1941 inipso

157 1970 254 2011 amore
273 1949 359 2022 inest,
374 1949 564 2026 expetendam
583 1955 730 2028 putamus.
771 1953 819 2010 32.
839 1951 883 2008 At
902 1951 924 2008 ii
941 1951 992 2028 qui
1011 1972 1100 2030 pecu-

157 2041 228 2099 dum
248 2039 309 2097 ritu
331 2038 369 2098 ad
390 2039 570 2116 voluptatem
593 2040 691 2098 omnia
713 2040 855 2113 referrmt,
876 2040 963 2118 longe
988 2041 1102 2102 dissen-

156 2130 253 2190 liunt:
274 2148 329 2187 nec
348 2128 462 2186 mirum.
503 2129 587 2187 Nihil
607 2129 685 2188 enim
705 2130 806 2203 altum,
819 2130 892 2188 nihil
911 2131 1103 2207 magnificum

156 2239 190 2280 ac
204 2219 333 2279 divinum
346 2218 492 2298 suspicere
505 2224 637 2297 possunt,
649 2219 699 2297 qui
713 2239 780 2278 suae
792 2239 891 2278 omnes
905 2221 1105 2297 cogitationes

151 2311 325 2391 'dijecerunt
351 2309 384 2369 in
409 2329 471 2368 rem
496 2315 558 2370 tam
581 2309 720 2368 humilem
743 2315 862 2388 tamque
889 2316 1105 2391 contemptam.

192 2517 262 2574 Quod
281 2518 302 2564 ei
324 2519 359 2564 ua
377 2519 443 2573 met,
462 2515 517 2576 δια]
552 2514 610 2562 This
641 2514 721 2562 enim'
743 2515 764 2562 is
784 2516 873 2577 merely
886 2517 928 2564 the
945 2523 1063 2568 temnant
1080 2521 1112 2568 of

156 2580 609 2640 andwhatfollowelsecompleteeu-
641 2579 740 2625 another
760 2579 808 2626 end
829 2594 894 2626 more
918 2581 1038 2640 complete
1062 2597 1108 2630 ex.

157 2643 303 2690 swertothe
316 2642 424 2689 assumed
440 2642 520 2688 eelfish
535 2641 610 2701 origin
641 2642 755 2702 pressior,
782 2641 858 2690 which
881 2642 923 2689 the
945 2643 1057 2691 Romans
1082 2646 1114 2692 οἱ

156 2705 243 2752 ullove
253 2720 280 2752 cr
290 2705 426 2766 friendship.
642 2704 812 2752 Cicero’stime
827 2704 921 2768 usedas
934 2705 1111 2770 introductory

193 2769 257 2823 Quid
275 2769 364 2828 Μίνω]
408 2767 506 2826 Seyffert
532 2766 610 2812 writes
641 2772 667 2814 te
688 2781 703 2812 a
720 2767 835 2827 question,
854 2768 955 2815 without
972 2771 1112 2832 regar-dius

158 2830 239 2881 ‘Quid
247 2829 310 2876 enim
317 2831 336 2876 ?’
348 2834 391 2876 &a
415 2829 428 2876 1
438 2830 499 2875 have
509 2829 585 2874 added
595 2843 610 2874 a
640 2829 682 2875 the
692 2831 852 2888 grammeticel
861 2831 988 2892 propriety.

157 2907 250 2938 comma
270 2892 331 2939 efter
350 2889 446 2947 ‘enim,'
469 2896 494 2937 tc
513 2896 610 2950 prevent
673 2892 819 2953 Rucuma]
839 2893 1006 2942 ‘Wearenot
1016 2895 1114 2943 liberal

157 2956 264 3011 mismke,
281 2955 318 3002 ior
335 2955 434 3015 Seyffert
444 2953 609 3014 con-ectlyob-
640 2952 678 2999 for
698 2954 740 3000 tbe
757 2969 858 3014 purpose
877 2957 904 3002 of
922 2957 1077 3019 demending
1097 2975 1116 3006 e

157 3033 234 3065 serves
253 3019 306 3064 thet
323 3019 364 3064 the
375 3017 484 3078 question
500 3016 556 3062 does
567 3020 610 3062 not
641 3015 738 3062 return!
781 3017 939 3078 ‘litigamus'
961 3020 1116 3069 introduces

154 3093 224 3126 mm
241 3080 282 3126 ‘in
292 3080 356 3130 what
371 3084 464 3142 respect
479 3079 536 3126 does
546 3080 610 3128 Afri-
643 3079 816 3136 ‘teneamus
833 3081 871 3126 for
882 3080 1005 3142 ‘exigere’
1017 3096 1118 3130 means

154 3155 227 3189 ceum
238 3147 302 3189 want
312 3158 352 3202 my
361 3142 429 3189 eid3’
457 3142 510 3189 The
520 3157 611 3190 answer
641 3142 903 3202 togetinourdebte:
921 3144 1050 3193 “nomine
1067 3161 1121 3194 sua

155 3203 274 3252 ‘Minime
287 3204 382 3252 hercle'
400 3205 478 3265 shows
494 3205 546 3252 thet
562 3206 610 3252 this
642 3204 772 3265 exegisee”
801 3203 879 3266 (Verr.
901 3206 926 3253 ii.
952 3208 972 3264 1,
996 3222 1018 3255 c.
1050 3207 1119 3272 lo)=

154 3267 233 3313 would
249 3272 292 3313 not
302 3267 333 3314 be
343 3269 385 3314 the
396 3268 460 3328 right
470 3268 610 3328 interprete·
643 3269 757 3328 “reliqua
771 3267 884 3325 vendidit,
901 3271 1031 3330 pecuniam
1052 3286 1121 3320 exe-

153 3329 213 3375 tion.
247 3331 296 3376 But
309 3331 425 3377 stillldo
435 3336 478 3376 not
488 3337 533 3391 put
546 3321 612 3377 thei
641 3329 702 3391 git''
715 3329 830 3392 (Vemii.
844 3331 963 3395 hullt).

153 3391 322 3464 pstwenim)
354 3393 406 3441 'l'lre
420 3393 611 3446 formula‘Quid
771 3421 775 3428 -
