2372 3758
146 173 204 229 102
521 164 709 224 LAELIUS.

72 343 263 397 f--neceaae
276 327 322 382 est
335 341 401 381 cum
415 320 510 399 aliqua
523 339 652 380 curares
667 318 722 378 sibi
740 322 900 378 conmarras
913 324 1109 396 aspernatam„
1178 389 1179 392 Ἴ

144 421 231 492 atque
244 413 347 484 oderit,
360 417 396 470 ut
415 412 531 471 bonitas
552 410 700 480 malitiam,
714 408 909 486 temperantia
925 409 1075 482 libidinem,

143 505 287 581 ignaviam
308 502 460 561 fortitudo.
501 501 607 578 Itaque
625 499 721 558 videas
742 499 830 557 rebus
850 499 968 576 injustis
985 499 1076 576 justos

143 595 265 652 maxime
293 593 398 664 dolere,
423 591 588 649 imbellibus
615 589 715 661 fortes,
742 589 894 665 flagitiosis
926 589 1075 648 modestos.

142 685 221 761 Ergo
242 685 297 742 hoc
318 682 468 760 proprium
488 685 534 738 est
558 679 647 738 animi
667 680 742 738 bene
762 677 967 754 constitutiet
981 679 1077 738 laetari

141 775 226 832 bonis
239 775 326 832 rebus
340 778 370 830 et
385 771 481 830 dolare
495 770 656 829 contrariis.
690 773 738 827 48.
757 769 951 843 Quamobrem
966 768 991 826 si
1004 770 1076 828 cadit

141 864 173 922 in
191 864 352 941 sapientem
372 861 461 920 animi
474 859 563 931 dolor,
577 859 627 936 qui
644 860 775 937 profecto
796 859 882 931 cadit,
896 859 954 917 nisi
970 879 1005 918 ex
1018 861 1076 938 ejus

141 953 237 1012 animo
257 953 445 1029 exstirpatam
465 950 678 1008 humanitatem
699 949 882 1021 arbitramur,
902 969 975 1026 quae
995 970 1077 1010 causa

141 1047 187 1101 eat
210 1062 263 1102 our
285 1041 441 1100 amicitiam
464 1039 599 1098 funditus
621 1039 759 1098 tollamus
782 1039 886 1111 evita,
910 1059 948 1097 ne
970 1040 1077 1116 aliquas

139 1138 260 1210 propter
273 1152 336 1191 eam
350 1130 540 1207 suscipiamus
553 1129 724 1188 molestias?
760 1129 839 1202 Quid
854 1129 933 1201 enim
946 1130 1076 1202 interest,

139 1227 223 1280 motu
241 1222 330 1280 animi
342 1221 465 1292 sublato,
478 1239 540 1286 non
553 1219 617 1278 dico
635 1219 872 1282 interhominem
885 1225 917 1278 st
929 1221 1076 1297 pecudem,

140 1312 191 1370 sed
213 1311 293 1370 inter
315 1311 461 1370 hominem
484 1314 515 1368 et
538 1329 638 1367 amm
662 1315 714 1367 aut
736 1314 874 1368 truncum
894 1315 946 1368 aut
966 1310 1077 1387 quidvis

139 1403 253 1478 generis
278 1401 433 1481 ejusdem?
472 1401 578 1477 Neque
596 1399 680 1460 =enim
702 1404 773 1486 sunt
794 1399 847 1457 isti
868 1400 1005 1458 audiendi
1028 1402 1078 1478 qui
1097 1425 1100 1463 ι

137 1493 277 1551 virtutem
301 1493 402 1550 duram
424 1495 455 1548 et
474 1489 557 1568 quasi
575 1489 698 1548 ferream
718 1490 946 1566 assequendam
963 1470 1101 1563 ,volanti

138 1601 211 1659 quae
225 1571 341 1660 quidem
361 1587 406 1638 est
427 1599 516 1656 quum
534 1579 635 1637 multis
654 1578 687 1637 in
708 1579 797 1637 rebus
814 1585 879 1637 tum
899 1580 931 1636 in
950 1580 1079 1640 amicitia

98 1695 122 1738 ς
136 1677 239 1730 tenera
248 1677 335 1748 atque
347 1669 515 1741 tractabilia,
525 1674 561 1726 ut
571 1673 602 1727 et
611 1669 696 1727 bonis
710 1669 794 1727 amici
804 1669 886 1746 quasi
897 1669 1079 1729 diffundatur

136 1767 168 1820 et
188 1760 375 1820 incommodis
396 1761 593 1818 contrahatur.
635 1759 830 1834 Quamobrem
850 1780 941 1836 angor
956 1761 1014 1820 iste
1027 1764 1079 1839 qui

135 1871 188 1928 pro
202 1851 293 1908 amieo
307 1870 392 1926 saepe
407 1849 563 1926 capiendus
582 1855 627 1908 est
647 1869 708 1909 non
724 1854 840 1907 tantum
853 1851 930 1908 valet
942 1856 978 1908 ut
991 1852 1079 1910 tollat

135 1958 152 1996 e
172 1940 232 2020 rita
253 1939 416 2010 amicitiam,
436 1958 497 1996 non
516 1939 583 2016 plus
603 1958 690 2015 quam
710 1944 746 1998 ut
765 1939 898 2012 virtutes,
912 1941 980 2018 quia
1003 1962 1078 2002 non-

134 2029 229 2088 nullas
243 2049 326 2088 curas
340 2034 371 2087 et
384 2028 531 2089 molestias
545 2029 679 2100 afferant,
693 2029 892 2106 repudientur.

173 2119 261 2180 XIV.
284 2120 383 2194 Quum
397 2124 496 2178 autem
509 2119 662 2188 contrahat
676 2119 840 2192 amicitiam,
853 2123 889 2178 ut
902 2140 992 2198 supra
1006 2122 1079 2196 dixi,

133 2309 193 2370 ciple
219 2309 247 2356 ol
270 2309 377 2357 absolute
405 2310 531 2357 obedienca
558 2315 584 2357 tc
616 2310 658 2356 tha
674 2309 758 2370 plural.
775 2315 920 2370 exceptans
938 2311 966 2358 of
985 2312 1079 2362 Manu·

132 2373 195 2418 fixed
207 2373 269 2419 rules
280 2373 307 2418 of
322 2373 368 2429 lise,
380 2373 421 2420 the
440 2375 547 2434 question
561 2373 588 2420 ol
616 2373 672 2419 tius.
716 2373 814 2432 Madvig
840 2374 882 2420 has
913 2375 1081 2424 ‘diffiindatur

132 2436 242 2496 avoiding
267 2437 329 2496 pain.
357 2437 457 2492 trouble,
478 2451 505 2482 or
526 2451 586 2482 even
618 2436 858 2482 ...conti-ahaua!
904 2437 1004 2498 Seyffert
1033 2441 1079 2486 ad-

132 2497 210 2552 death,
222 2499 268 2545 will
279 2504 320 2546 not
335 2500 395 2546 uriae
406 2500 473 2546 when
483 2499 525 2546 the
534 2499 586 2546 rula
616 2499 672 2544 mita
690 2498 743 2544 that
759 2498 855 2544 ‘amici’
874 2499 947 2546 istha
961 2501 1080 2560 genitive,
1178 2523 1179 2540 i

131 2560 158 2606 of
171 2561 230 2620 duty
241 2562 261 2607 is
277 2562 383 2622 positive.
416 2562 463 2608 We
473 2562 534 2622 obey
544 2561 586 2608 tha
616 2575 642 2607 as
658 2561 678 2606 it
692 2561 856 2621 undoubtedly
865 2562 892 2607 is.
927 2562 967 2610 He
980 2565 1080 2624 oonjec.

130 2622 182 2668 rule
192 2623 330 2683 absolutely.
616 2626 681 2670 tures
692 2623 744 2669 that
755 2623 857 2670 ‘animi’
870 2625 912 2670 has
929 2625 989 2671 been
1000 2629 1080 2674 omit-

162 2685 358 2744 Hamaaitatem]
407 2683 583 2732 ‘Humanitas'
615 2685 656 2732 ted
673 2685 734 2732 after
752 2685 853 2733 ‘amici'
887 2688 911 2733 lt
925 2702 1001 2734 seems
1022 2691 1081 2738 that

129 2745 185 2792 hare
207 2761 287 2793 means
313 2749 354 2793 the
375 2748 467 2794 natural
486 2748 583 2806 leelings
617 2747 722 2796 ‘unua'
739 2748 759 2794 is
775 2749 816 2795 tha
832 2750 992 2796 nominative:
1012 2753 1080 2798 ‘vir.

129 2808 176 2854 and
199 2809 328 2865 affectione,
350 2815 404 2870 part
425 2810 453 2856 of
471 2824 486 2856 a
507 2809 582 2856 man's
615 2809 667 2856 tus'
685 2811 706 2856 is
723 2815 767 2857 not
784 2811 873 2867 ‘dura'
893 2816 944 2867 dac,
962 2812 1008 2860 but
1025 2819 1080 2862 ‘te-

128 2875 220 2916 natura.
614 2872 687 2928 nara‚'
707 2873 867 2930 ‘tractabilia’
888 2875 947 2930 ‘ut'
970 2879 1014 2923 dic.
1054 2877 1084 2924 If

159 2933 273 2979 Ferreum
285 2947 333 2979 esse
344 2933 473 2992 quondum]
499 2933 512 2979 1
523 2933 582 2980 have
613 2935 655 2980 tha
665 2935 753 2993 plurals
765 2940 771 2961 ¹
781 2936 942 2983 diffundantur
954 2971 960 2984 .
974 2972 980 2986 .
993 2972 1000 2985 .
1014 2955 1079 2986 con-

127 2993 234 3040 sollowed
257 2995 358 3054 Seyffert
383 2995 408 3040 in
435 2995 483 3041 this
504 2996 579 3042 order.
612 2997 750 3044 mabuntur'
768 3012 808 3044 are
825 3001 933 3058 genuine,
951 3015 987 3048 we
1007 3007 1081 3050 must

127 3055 179 3102 The
200 3071 309 3102 common
330 3057 398 3102 order
424 3057 444 3102 is
466 3057 580 3104 ‘ferrem
612 3073 714 3118 suppose
724 3059 777 3106 that
787 3061 854 3107 there
864 3062 884 3108 is
896 3078 961 3110 some
973 3080 1080 3126 corrup-

126 3117 244 3178 quandam
262 3118 328 3164 esso!
368 3119 442 3164 Orelli
458 3120 500 3166 lias
520 3121 579 3166 ‘lu-
612 3121 663 3168 tion
679 3122 704 3168 in
720 3123 761 3168 the
777 3124 845 3170 other
855 3131 908 3184 part
919 3126 946 3172 of
958 3127 1002 3174 the
1017 3143 1079 3176 sen-

125 3193 188 3226 ream
199 3180 317 3240 quandam
328 3180 425 3227 volunt!
612 3189 687 3230 tanae.

156 3241 386 3302 mandataque]
401 3243 581 3290 ‘Diffundantur
648 3248 683 3294 14.
704 3247 954 3312 Quam—contrahat]
985 3252 1020 3300 In
1031 3253 1082 3302 the

125 3333 170 3348 ...
188 3304 380 3350 contrahantur?
398 3305 505 3366 Seyffert,
525 3307 578 3354 who
610 3309 661 3354 first
672 3309 759 3354 edition
772 3309 783 3354 1
795 3313 918 3359 remarked
934 3315 987 3360 that
1004 3317 1079 3364 ‘ani-

124 3365 211 3411 affirms
231 3366 285 3414 that
308 3367 340 3413 all
361 3367 404 3414 the
426 3369 497 3414 MSS.
520 3369 579 3415 bave
611 3369 677 3418 mus'
689 3371 818 3417 saemedto
831 3372 1081 3428 bethenominativc
