2372 3758
166 182 224 240 164
533 173 735 234 EPISTULA

164 333 290 394 levitatis
313 333 375 392 ulla
398 330 604 410 suspiciones
624 347 660 388 ea
680 348 753 408 quae
775 328 926 388 consecuti
946 347 1050 390 snmus
1070 331 1106 390 iis

164 423 268 482 studiis
281 427 313 482 et
326 422 438 480 artibus
452 411 516 480 esse
534 421 663 498 edeptos,
678 439 752 498 quae
775 419 836 478 siut
854 420 939 480 nobis
964 421 1105 482 Graeciae

163 512 359 572 monumentis
373 511 589 589 disciplinisque
602 511 736 570 traditae.
778 511 876 584 Quare
893 517 1012 589 praeter
1029 531 1104 572 com-
1169 573 1170 578 χ

163 623 280 663 munem
300 603 387 661 fidcm
407 621 480 679 quae
501 601 636 660 omnibus
657 601 788 672 debetur,
808 606 960 678 praeterea
979 621 1034 662 nos
1054 599 1105 663 isti
1169 593 1170 658 i

163 693 312 751 hominum
336 692 436 770 generi
456 691 610 770 praecipue
633 691 737 750 debere
757 691 896 763 videmur,
920 696 957 749 ut
980 713 1105 770 quorum
1169 737 1170 770 ,

163 783 324 861 praeceptis
339 803 439 842 sumus
458 781 565 840 eruditi
583 781 662 858 apud
680 801 729 840 eos
747 781 826 859 ipsos
840 781 916 859 quod
930 781 967 840 ab
981 783 1018 841 iis
1032 783 1104 843 didi·
1169 839 1170 844 ,

164 873 287 932 cerimus
300 873 421 932 velimus
436 891 611 950 expromere.
1169 863 1170 866 ’

163 1015 172 1030 ,
203 964 242 1020 Χ.
264 967 312 1021 29.
333 963 433 1040 Atque
446 963 494 1022 ille
508 961 624 1039 quidem
637 961 772 1039 princeps
785 961 895 1038 ingenii
909 966 940 1020 et
954 961 1105 1022 doctrinae

165 1053 249 1112 Plato
262 1058 327 1111 tum
341 1053 465 1131 denique
478 1052 540 1112 fore
554 1052 654 1110 beatas
668 1072 715 1110 res
729 1051 860 1130 publicas
873 1052 997 1129 putavit,
1013 1053 1038 1110 si
1052 1059 1105 1112 aut

165 1143 243 1202 docti
265 1163 298 1202 ac
323 1143 468 1221 sapientes
488 1142 619 1200 homines
643 1161 692 1200 eas
712 1162 812 1218 regere
830 1141 1002 1219 coepissent,
1017 1144 1106 1202 antii

81 1237 84 1244 “
164 1234 215 1312 qui
227 1239 363 1310 regerent
376 1253 461 1292 omne
476 1253 561 1292 suum
580 1232 711 1290 studium
723 1232 756 1290 in
770 1232 900 1290 doctrina
913 1252 947 1291 ac
961 1234 1107 1311 sapientia

165 1325 364 1383 collocassent.
405 1324 493 1382 Hanc
507 1322 741 1400 conjunctionem
754 1322 888 1380 videlicet
901 1323 1059 1400 potestatis
1072 1341 1106 1382 ac

165 1415 323 1494 sapientiae
337 1413 425 1472 saluti
438 1413 552 1472 censuit
563 1412 730 1472 civitatibus
741 1432 804 1471 esse
812 1431 907 1490 posse.
949 1412 1037 1486 Quod
1047 1413 1106 1472 for·

164 1511 242 1564 tasse
256 1504 409 1582 aliquando
429 1503 581 1561 universae
598 1502 641 1560 rei
659 1502 791 1581 publicae
809 1508 934 1574 nostrae,
947 1523 1028 1562 nunc
1042 1503 1106 1582 qui·
1169 1569 1170 1588 χ

165 1596 230 1654 dem
243 1595 373 1672 profecto
387 1594 438 1652 isti
450 1593 612 1672 provinciae
627 1593 759 1670 contigit,
772 1597 808 1651 ut
820 1593 846 1652 is
863 1593 896 1651 in
909 1613 944 1651 ea
962 1613 1107 1652 summam

164 1691 340 1764 potestatem
361 1685 481 1743 heberet
503 1683 550 1742 cui
573 1683 605 1740 in
623 1683 756 1742 doctrina
775 1683 823 1742 cui
841 1683 873 1742 in
893 1683 1003 1743 virtute
1016 1689 1107 1762 atque

164 1775 345 1832 humanitate
358 1774 543 1853 percipienda
556 1772 713 1852 plm'imum
728 1793 745 1832 a
757 1773 883 1852 pueritia
896 1775 986 1833 studii
1000 1775 1108 1835 fuisset

164 1872 194 1924 et
208 1864 356 1942 temporis.
387 1867 435 1922 30.
452 1865 549 1938 Quare
563 1883 633 1922 cura
645 1869 681 1922 ut
693 1863 741 1922 hic
754 1884 849 1923 annus
863 1864 913 1941 qui
925 1865 963 1922 ad
975 1865 1107 1924 lahorem

163 1962 249 2014 tuum
262 1954 383 2014 accessit
396 1955 472 2013 idem
487 1955 525 2014 nd
543 1955 666 2014 salutem
684 1954 773 2014 Asiae
793 1959 966 2033 prorogatus
987 1976 1053 2015 esse
1066 1957 1107 2014 vi-

165 2045 286 2117 deatur;
306 2043 529 2122 quoniam[que]
554 2045 587 2103 in
607 2051 639 2104 te
658 2044 813 2104 retinendo
832 2045 891 2104 fuit
908 2045 981 2104 Asia
994 2046 1109 2108 felicior

164 2156 250 2213 quam
263 2155 318 2194 nos
331 2135 364 2193 in
377 2135 554 2207 deducendo,
565 2135 671 2213 perfice
681 2140 717 2193 ut
727 2135 839 2194 laetitia
852 2134 1017 2212 provinciae
1031 2137 1108 2196 desi·

165 2227 276 2286 derium
294 2231 429 2285 nostrum
448 2225 583 2284 leniatur.
625 2225 744 2284 Etenim
764 2225 789 2283 si
808 2225 839 2283 in
857 2226 1050 2302 promerendo
1072 2233 1109 2286 ut

164 2317 220 2376 tibi
233 2317 310 2376 tanti
323 2317 447 2376 honores
457 2316 643 2388 haberentur,
654 2315 757 2392 quanti
769 2315 848 2374 haud
861 2316 920 2374 scio
933 2335 972 2374 an
984 2316 1109 2390 nemini,

164 2409 248 2468 fuisti
266 2408 395 2468 omnium
416 2405 662 2483 diligentissimus,
680 2406 773 2465 multo
792 2405 928 2484 majorem
947 2405 979 2464 in
995 2407 1043 2466 his
1056 2408 1110 2467 ho-

165 2500 285 2558 noribus
306 2497 424 2556 tuendis
446 2495 583 2555 adhibere
606 2495 787 2572 diligentiam
809 2495 904 2554 debes.
946 2499 995 2555 31.
1016 2497 1111 2576 Equi-

166 2590 230 2647 dem
245 2590 280 2647 de
293 2588 351 2646 isto
365 2607 471 2665 genere
489 2587 633 2645 honorum
649 2586 720 2663 quid
741 2585 879 2645 sentirem
898 2586 1001 2660 scripsi
1019 2589 1059 2647 ad
1078 2595 1113 2649 te

166 2684 243 2735 ante.
286 2677 404 2754 Semper
428 2696 478 2735 eos
501 2675 609 2754 putavi,
635 2675 661 2734 si
684 2675 817 2752 vulgares
838 2680 944 2747 essent,
963 2676 1055 2750 viles3
1085 2681 1115 2738 si

165 2767 304 2844 temporis
318 2786 404 2825 causa
418 2767 676 2839 constituerentur,
689 2766 785 2839 leves3
800 2765 824 2824 si
837 2785 914 2838 vcro,
927 2766 959 2824 id
972 2768 1055 2844 quod
1067 2769 1115 2830 ita

200 2958 236 3004 1⁰.
255 2956 341 3016 Plato]
375 2957 398 3002 A
415 2971 512 3016 passage
530 2961 556 3003 to
570 2957 618 3004 this
649 2961 693 3004 not
709 2957 813 3018 unlikely
829 2957 883 3004 that
898 2957 981 3006 Cicero
997 2959 1057 3009 here
1074 2965 1116 3010 ul.

167 3020 235 3066 effect
251 3033 332 3066 occurs
349 3019 375 3064 in
389 3019 472 3064 oneof
486 3019 618 3066 thelettere
650 3021 717 3067 ludes
733 3024 759 3066 to
778 3020 874 3066 himself
892 3021 939 3068 end
956 3021 995 3068 his
1014 3027 1117 3074 mucul.

166 3081 294 3128 attributed
304 3085 330 3126 to
342 3081 415 3136 Plato,
424 3081 471 3127 and
481 3081 506 3126 in
517 3082 559 3127 the
571 3083 617 3128 Re·
650 3083 729 3143 ship.”
756 3083 801 3128 His
812 3084 919 3144 modesty
928 3085 1010 3132 would
1019 3092 1065 3134 not
1074 3089 1117 3139 let

166 3144 252 3204 public.
285 3143 337 3188 ‘lhe
354 3143 429 3188 vision
446 3143 473 3188 of
485 3143 527 3188 the
542 3144 618 3203 philo·
650 3146 700 3191 him
712 3159 837 3205 saymore.

167 3206 260 3264 sopher,
278 3219 304 3249 ss
321 3208 346 3249 to
360 3203 403 3249 the
418 3204 504 3249 “docti
517 3206 617 3265 acsepi-
681 3208 979 3271 Haudrcioanarminid
1016 3211 1118 3266 SeoDe

167 3266 250 3312 entee''
267 3265 354 3323 having
372 3266 413 3310 tha
430 3266 617 3313 administration
649 3268 704 3316 Seu.
716 3283 736 3314 c.
748 3270 785 3316 lt.

111 3348 113 3352 ·
167 3330 194 3374 os
203 3334 281 3382 states,
294 3328 366 3372 isnet
376 3328 548 3386 accomplished
558 3333 605 3388 yet.
684 3332 901 3396 Temporieccaea]
923 3335 1117 3398 Sacc-dnus}

203 3389 339 3448 liniemus]
375 3389 456 3448 Siipfle
470 3403 530 3449 says,
544 3389 617 3437 “itis
648 3391 819 3440 Deme&
