2362 3756
478 194 567 253 OAP.
587 192 676 252 xlx.
1008 194 1045 250 65

105 367 222 428 sperare
234 348 313 408 idem
326 367 415 408 senex
427 369 488 408 non
500 353 608 427 potest.
642 347 823 426 Insipienter
832 350 939 424 sperat.
968 345 1047 419 Quid

105 441 184 499 enim
204 441 326 498 stultius
346 460 432 517 quam
451 440 564 498 incerta
583 459 636 516 pro
659 438 747 497 oea-tis
769 438 883 509 habere,
903 437 977 495 falsa
995 457 1047 516 pro

104 530 205 590 veris?
247 531 342 588 Senex
361 530 489 606 nequod
509 535 607 606 speret
620 528 736 606 quidem
755 527 851 586 habet.
892 528 936 585 At
950 532 996 586 eat
1012 547 1046 586 eo

105 621 225 680 meliore
238 620 406 679 conditione
419 640 504 698 quam
518 619 694 691 adolescens,
708 617 843 696 quoniam
857 617 896 689 id,
907 619 985 695 quod
997 618 1046 676 ille

107 717 214 790 sperat,
227 711 275 770 hio
297 710 383 789 [jam]
405 717 579 770 consecutus
601 715 655 768 est.
696 709 753 768 Ille
773 709 837 768 vult
861 708 912 766 diu
932 709 1046 780 vivers3

106 805 154 864 hio
175 805 227 864 diu
245 804 327 864 vixit.
367 808 415 862 69.
437 805 627 881 Quamquam,
646 823 664 861 o
682 802 735 861 Dii
749 801 839 860 honi!
860 801 930 878 quid
949 807 995 860 est
1014 801 1046 860 iu

106 894 233 954 hominis
245 895 306 953 vita
320 894 388 953 diu!
429 895 477 952 Da
490 895 568 952 enim
590 911 756 970 supremum
774 896 909 969 tempus:
931 911 1045 968 exspec-

107 990 204 1044 temus
211 984 430 1043 'Tartessiorum
445 984 522 1060 regis
542 987 676 1040 aetatem.
717 980 790 1039 Fuit
809 981 895 1052 enim,
908 987 944 1039 ut
958 980 1046 1058 serip-

107 1080 173 1134 tum
191 1074 284 1147 video,
299 1074 519 1151 Arganthonius
539 1072 654 1150 quidam
673 1071 806 1131 Gadibus
827 1072 878 1149 qui
897 1072 1047 1148 octoginta

108 1165 240 1242 segnavit
262 1184 364 1235 annos,
387 1169 505 1222 eentum
532 1167 564 1220 et
586 1161 690 1239 viginti
713 1162 793 1220 vixit.
835 1162 891 1220 Sed
915 1161 1046 1220 mihine

109 1255 282 1314 diuturnum
301 1255 418 1332 quidem
437 1253 593 1332 quidquam
606 1253 721 1312 videtur
741 1254 774 1312 in
794 1273 852 1330 quo
872 1259 918 1312 eat
939 1254 1047 1331 aliquid

109 1351 287 1404 extremumz
308 1365 398 1422 quum
418 1345 496 1402 enim
514 1344 546 1402 id
565 1343 690 1416 advenit,
703 1349 776 1402 tune
789 1343 862 1401 illud
875 1344 953 1420 quod
965 1363 1046 1420 prae·

108 1435 190 1494 teriit
200 1435 329 1494 adimite
343 1439 459 1493 tantum
469 1439 600 1492 remanet
613 1434 690 1512 quod
702 1433 811 1491 virtute
825 1438 948 1490 streete
961 1433 1047 1491 fmtis

109 1530 284 1584 oonseeutus
305 1525 353 1583 sia.
394 1526 494 1583 Horae
508 1524 623 1602 quidem
642 1524 751 1583 aedunt
769 1529 800 1581 et
814 1523 875 1581 dies
889 1529 920 1581 et
933 1543 1047 1581 menses

110 1623 140 1674 et
160 1616 239 1688 anni,
252 1635 308 1674 neo
326 1615 516 1694 praeteritum
536 1621 653 1692 tempus
665 1634 796 1692 unquam
813 1615 979 1687 revertitur,
993 1630 1048 1673 nee

110 1706 180 1784 qnid
203 1711 343 1783 sequatur
366 1705 434 1763 seiri
458 1710 566 1784 potest.
608 1705 695 1780 Quod
718 1703 822 1782 auique
845 1705 984 1783 temporis
1011 1705 1048 1764 ad

110 1796 266 1855 vivendum
288 1795 383 1868 datur,
408 1815 443 1854 eo
470 1795 556 1854 debet
580 1814 643 1854 esse
667 1801 832 1854 contentus.
874 1795 921 1856 70.
943 1797 1048 1874 Neque

110 1885 189 1946 enim
201 1885 338 1944 histrioni
356 1890 392 1943 ut
411 1885 523 1962 placeat
542 1885 706 1962 peragenda
723 1887 823 1944 fabula
834 1892 898 1960 est3
918 1888 1004 1946 modo
1017 1887 1049 1945 in

111 1995 284 2054 quoeunque
304 1975 394 2033 fuerit
413 1981 481 2034 actu
501 1975 657 2053 probetur;
677 1995 733 2034 neo
754 1977 991 2054 sapientiusque
1012 1977 1049 2035 ad

112 2065 247 2125 Plaudite
256 2065 431 2125 veniendum
444 2071 498 2124 est.
532 2065 626 2125 Breve
639 2067 716 2125 enim
730 2072 846 2145 tempus
860 2069 964 2127 aetatis
979 2068 1049 2127 satis

111 2163 158 2216 est
176 2157 298 2233 longum
315 2156 353 2215 ad
371 2156 446 2215 bene
465 2157 644 2234 honesteque
661 2157 824 2217 vivendum.
865 2161 917 2218 sin
936 2179 1049 2236 proees-

112 2247 185 2306 seris
208 2247 333 2324 longius,
353 2265 415 2304 non
439 2246 531 2324 magis
552 2247 707 2306 dolendum
733 2254 779 2306 eat
799 2269 886 2325 quam
909 2249 1050 2324 agricolae

112 2337 223 2409 dolent,
238 2335 397 2414 praeterita
415 2337 497 2396 verni
515 2337 655 2414 temporis
675 2337 826 2408 suavitate,
840 2343 981 2396 aestatem
1001 2357 1050 2394 au·

111 2433 306 2506 tnmnumque
319 2426 442 2484 venisse.
482 2427 544 2485 Ver
563 2427 641 2485 enim
660 2432 808 2504 tamquam
828 2426 1051 2485 adolescentiam

112 2516 257 2594 significat
280 2516 467 2594 ostenditque
489 2516 604 2576 finctus
627 2517 760 2576 futuros:
786 2515 897 2595 reliqua
920 2522 1052 2594 tempora

149 2689 567 2773 Quoaiamid,]'l'heoommontexts
598 2711 630 2758 all
646 2726 715 2773 agree
730 2727 756 2759 as
774 2716 801 2760 to
819 2713 861 2761 tha
876 2713 1006 2776 yearsthat
1022 2714 1052 2762 hs

112 2777 191 2824 law
198 2791 270 2838 quum
281 2775 307 2822 id
315 2779 453 2822 consecutus
461 2774 513 2831 est
523 2774 567 2820 bat
598 2775 709 2822 attaiued.

112 2837 374 2915 thenitoughttoba‘
374 2836 566 2884 consecutussit.¹
635 2838 793 2899 Veaieadum]
813 2839 916 2901 Perhaps
924 2841 1053 2902 preferable

113 2916 337 2964 ιιιιιιιιιιιιιιιι
345 2916 568 2977 ιιιιιιιιιιιιιιι
599 2903 625 2946 ¹0
625 2901 680 3008 due
697 2901 817 2962 maog
826 2903 968 2960 viventum,¹
985 2905 1005 2950 if
1018 2918 1053 2950 we

114 2980 186 3028 MSS.
192 2980 243 3028 ἴοι·
247 2979 367 3041 qnoniam,
370 2978 568 3026 ’huttheeditora
597 2963 639 3024 lud
640 2978 669 3022 ιθ
687 2963 748 3010 sr⁰¹1¹
768 2965 809 3010 the
827 2972 931 3012 mutent
965 2967 1052 3013 Plau·

114 3043 174 3092 hm
188 2995 264 3090 0an
271 3042 378 3102 engaged
393 3043 414 3088 it
428 3048 471 3088 ωι
478 3041 567 3102 qaum
560 3025 704 3072 ’'ditew
684 3041 731 3072 was
757 3027 798 3073 the
825 3029 892 3076 usual
919 3029 1054 3089 expression

114 3105 326 3154 soeottognote,
599 3089 657 3135 with
667 3089 769 3136 whichs
784 3089 1016 3151 dramaticrapresan
1001 3096 1053 3137 nta-

144 3169 299 3229 Aryaalhona
290 3167 340 3228 iae]
369 3166 428 3214 This
441 3167 497 3226 long
498 3165 569 3214 -lived
600 3152 651 3197 ¹¹⁰¹
635 3152 806 3208 ¹¹¹⁸¹⁰¹⁰⁸0d=
818 3168 843 3200 ⁸³
856 3168 881 3199 ¹11
895 3154 936 3200 the
951 3153 1054 3202 hellino

113 3231 171 3292 king
186 3232 239 3278 ,ιο
258 3230 323 3278 lived
339 3233 365 3276 gt
381 3229 478 3285 cuju·
471 3182 497 3276 „⁸
502 3244 569 3276 m
601 3213 628 3260 ol
641 3213 682 3260 the
692 3214 782 3260 Andria
792 3215 819 3260 ol
831 3215 950 3262 Tei-enee·

113 3295 235 3356 lionedby
246 3293 384 3342 ΗΜΘΝ
399 3293 426 3350 (¹-
439 3294 492 3348 16ἕίι
504 3290 568 3353 ων
634 3307 792 3353 ‘Intustran
777 3309 910 3368 nsigetarsi
923 3307 1027 3389 quidest

112 3357 159 3405 aad
169 3358 238 3404 other
249 3357 346 3402 ancient
359 3354 463 3410 viltam,
481 3323 526 3400 hut
535 3368 570 3400 ιιι
682 3371 745 3430 quod
754 3373 835 3416 mm,
868 3366 1001 3416 ffluffitafl

112 3421 171 3470 naad
182 3425 226 3470 not
239 3418 337 3468 wondoe
349 3416 402 3464 that
419 3417 477 3478 they
487 3417 517 3466 do
527 3419 571 3464 not
