<?xml version="1.0" encoding="UTF-8"?>
<!DOCTYPE html PUBLIC "-//W3C//DTD XHTML 1.0 Transitional//EN"
    "http://www.w3.org/TR/xhtml1/DTD/xhtml1-transitional.dtd">
<html xmlns="http://www.w3.org/1999/xhtml" xml:lang="en" lang="en">
 <head>
  <title>
</title>
<meta http-equiv="Content-Type" content="text/html;charset=utf-8" />
  <meta name='ocr-system' content='tesseract 3.04.00' />
  <meta name='ocr-capabilities' content='ocr_page ocr_carea ocr_par ocr_line ocrx_word'/>
</head>
<body>
  <div class='ocr_page' id='page_1' title='image "./mtulliiciceroni98cicegoog/mtulliiciceroni98cicegoog_0193.png"; bbox 0 0 2372 3758; ppageno 0'>
   <div class='ocr_carea' id='block_1_1' title="bbox 152 191 726 253">
    <p class='ocr_par' dir='ltr' id='par_1_1' title="bbox 152 191 726 253">
     <span class='ocr_line' id='line_1_1' title="bbox 152 191 726 253; baseline -0.003 -1"><span class='ocrx_word' id='word_1_1' title='bbox 152 197 211 253; x_wconf 84' lang='lat'><strong>154</strong></span> <span class='ocrx_word' id='word_1_2' title='bbox 521 191 726 251; x_wconf 75' lang='lat' dir='ltr'>EPISTOLA</span> 
     </span>
    </p>
   </div>
   <div class='ocr_carea' id='block_1_2' title="bbox 149 345 1093 1684">
    <p class='ocr_par' dir='ltr' id='par_1_2' title="bbox 149 345 1093 1125">
     <span class='ocr_line' id='line_1_2' title="bbox 150 345 1092 427; baseline -0.002 -19"><span class='ocrx_word' id='word_1_3' title='bbox 150 349 222 427; x_wconf 89' lang='lat' dir='ltr'><strong>ipsis</strong></span> <span class='ocrx_word' id='word_1_4' title='bbox 248 347 404 425; x_wconf 83' lang='lat' dir='ltr'><strong>diligenter</strong></span> <span class='ocrx_word' id='word_1_5' title='bbox 429 347 573 406; x_wconf 84' lang='lat' dir='ltr'><strong>cavendae</strong></span> <span class='ocrx_word' id='word_1_6' title='bbox 607 351 677 405; x_wconf 90' lang='lat' dir='ltr'><strong>sunt</strong></span> <span class='ocrx_word' id='word_1_7' title='bbox 704 347 844 424; x_wconf 86' lang='lat' dir='ltr'><strong>quaedam</strong></span> <span class='ocrx_word' id='word_1_8' title='bbox 869 345 1092 419; x_wconf 73' lang='lat' dir='ltr'><strong>familiaritates,</strong></span> 
     </span>
     <span class='ocr_line' id='line_1_3' title="bbox 150 437 1093 518; baseline -0.002 -20"><span class='ocrx_word' id='word_1_9' title='bbox 150 445 266 518; x_wconf 89' lang='lat' dir='ltr'><strong>praeter</strong></span> <span class='ocrx_word' id='word_1_10' title='bbox 278 437 429 497; x_wconf 90' lang='lat' dir='ltr'><strong>hominum</strong></span> <span class='ocrx_word' id='word_1_11' title='bbox 441 455 660 514; x_wconf 74' lang='lat' dir='ltr'><strong>perpaucorum,</strong></span> <span class='ocrx_word' id='word_1_12' title='bbox 672 437 697 494; x_wconf 89' lang='lat' dir='ltr'><strong>si</strong></span> <span class='ocrx_word' id='word_1_13' title='bbox 709 437 844 514; x_wconf 89' lang='lat' dir='ltr'><strong>quisunt</strong></span> <span class='ocrx_word' id='word_1_14' title='bbox 856 441 954 494; x_wconf 87' lang='lat' dir='ltr'><strong>vetere</strong></span> <span class='ocrx_word' id='word_1_15' title='bbox 967 437 1093 496; x_wconf 80' lang='lat' dir='ltr'><strong>Graecia</strong></span> 
     </span>
     <span class='ocr_line' id='line_1_4' title="bbox 151 526 1092 604; baseline -0.002 -16"><span class='ocrx_word' id='word_1_16' title='bbox 151 528 239 604; x_wconf 85' lang='lat' dir='ltr'>digni.</span> <span class='ocrx_word' id='word_1_17' title='bbox 275 527 322 587; x_wconf 81' lang='lat' dir='ltr'><strong>Sic</strong></span> <span class='ocrx_word' id='word_1_18' title='bbox 332 547 400 586; x_wconf 85' lang='lat' dir='ltr'><strong>vero</strong></span> <span class='ocrx_word' id='word_1_19' title='bbox 414 527 531 585; x_wconf 79' lang='lat' dir='ltr'>fallaces</span> <span class='ocrx_word' id='word_1_20' title='bbox 544 532 615 585; x_wconf 89' lang='lat' dir='ltr'><strong>sunt</strong></span> <span class='ocrx_word' id='word_1_21' title='bbox 627 526 765 604; x_wconf 88' lang='lat' dir='ltr'><strong>permulti</strong></span> <span class='ocrx_word' id='word_1_22' title='bbox 775 532 806 585; x_wconf 91' lang='lat' dir='ltr'><strong>et</strong></span> <span class='ocrx_word' id='word_1_23' title='bbox 819 526 896 584; x_wconf 85' lang='lat' dir='ltr'><strong>leves</strong></span> <span class='ocrx_word' id='word_1_24' title='bbox 909 532 940 584; x_wconf 94' lang='lat' dir='ltr'><strong>et</strong></span> <span class='ocrx_word' id='word_1_25' title='bbox 951 526 1092 586; x_wconf 76' lang='lat' dir='ltr'><strong>diutinus</strong></span> 
     </span>
     <span class='ocr_line' id='line_1_5' title="bbox 150 615 1091 693; baseline -0.003 -17"><span class='ocrx_word' id='word_1_26' title='bbox 150 617 292 677; x_wconf 78' lang='lat' dir='ltr'><strong>servitute</strong></span> <span class='ocrx_word' id='word_1_27' title='bbox 316 617 353 675; x_wconf 93' lang='lat' dir='ltr'><strong>ad</strong></span> <span class='ocrx_word' id='word_1_28' title='bbox 376 616 495 674; x_wconf 83' lang='lat' dir='ltr'><strong>nimiam</strong></span> <span class='ocrx_word' id='word_1_29' title='bbox 518 615 746 674; x_wconf 73' lang='lat' dir='ltr'><strong>assentationem</strong></span> <span class='ocrx_word' id='word_1_30' title='bbox 767 615 883 674; x_wconf 88' lang='lat' dir='ltr'><strong>eruditi.</strong></span> <span class='ocrx_word' id='word_1_31' title='bbox 925 615 1009 689; x_wconf 78' lang='lat' dir='ltr'><strong>Quos</strong></span> <span class='ocrx_word' id='word_1_32' title='bbox 1037 636 1091 693; x_wconf 81' lang='lat' dir='ltr'><strong>ego</strong></span> 
     </span>
     <span class='ocr_line' id='line_1_6' title="bbox 152 705 1091 784; baseline 0 -19"><span class='ocrx_word' id='word_1_33' title='bbox 152 707 299 766; x_wconf 82' lang='lat' dir='ltr'><strong>universos</strong></span> <span class='ocrx_word' id='word_1_34' title='bbox 320 705 450 764; x_wconf 85' lang='lat' dir='ltr'><strong>adhiberi</strong></span> <span class='ocrx_word' id='word_1_35' title='bbox 464 705 629 777; x_wconf 77' lang='lat' dir='ltr'>liberaliter,</span> <span class='ocrx_word' id='word_1_36' title='bbox 644 706 786 784; x_wconf 90' lang='lat' dir='ltr'><strong>optimum</strong></span> <span class='ocrx_word' id='word_1_37' title='bbox 800 725 942 784; x_wconf 88' lang='lat' dir='ltr'><strong>quemque</strong></span> <span class='ocrx_word' id='word_1_38' title='bbox 962 706 1091 784; x_wconf 90' lang='lat' dir='ltr'><strong>hospitio</strong></span> 
     </span>
     <span class='ocr_line' id='line_1_7' title="bbox 149 795 1091 873; baseline 0 -17"><span class='ocrx_word' id='word_1_39' title='bbox 149 797 332 873; x_wconf 75' lang='lat' dir='ltr'><strong>amicitiaque</strong></span> <span class='ocrx_word' id='word_1_40' title='bbox 344 795 483 873; x_wconf 83' lang='lat' dir='ltr'><strong>conjungi</strong></span> <span class='ocrx_word' id='word_1_41' title='bbox 496 795 560 855; x_wconf 89' lang='lat' dir='ltr'><strong>dieo</strong></span> <span class='ocrx_word' id='word_1_42' title='bbox 580 801 733 873; x_wconf 87' lang='lat' dir='ltr'><strong>oportere:</strong></span> <span class='ocrx_word' id='word_1_43' title='bbox 754 795 860 854; x_wconf 86' lang='lat' dir='ltr'><strong>nimiae</strong></span> <span class='ocrx_word' id='word_1_44' title='bbox 877 795 1091 856; x_wconf 84' lang='lat' dir='ltr'><strong>familiaritates</strong></span> 
     </span>
     <span class='ocr_line' id='line_1_8' title="bbox 150 885 1089 963; baseline 0 -17"><span class='ocrx_word' id='word_1_45' title='bbox 150 907 250 946; x_wconf 89' lang='lat' dir='ltr'><strong>eorum</strong></span> <span class='ocrx_word' id='word_1_46' title='bbox 263 905 357 963; x_wconf 90' lang='lat' dir='ltr'><strong>neque</strong></span> <span class='ocrx_word' id='word_1_47' title='bbox 371 891 433 958; x_wconf 74' lang='lat' dir='ltr'><strong>tam</strong></span> <span class='ocrx_word' id='word_1_48' title='bbox 448 885 547 944; x_wconf 88' lang='lat' dir='ltr'><strong>fideles</strong></span> <span class='ocrx_word' id='word_1_49' title='bbox 566 891 644 957; x_wconf 89' lang='lat' dir='ltr'><strong>sunt,</strong></span> <span class='ocrx_word' id='word_1_50' title='bbox 658 885 810 944; x_wconf 91' lang='lat' dir='ltr'><strong>nonenim</strong></span> <span class='ocrx_word' id='word_1_51' title='bbox 823 885 932 944; x_wconf 90' lang='lat' dir='ltr'><strong>audent</strong></span> <span class='ocrx_word' id='word_1_52' title='bbox 945 885 1089 946; x_wconf 85' lang='lat' dir='ltr'><strong>adversari</strong></span> 
     </span>
     <span class='ocr_line' id='line_1_9' title="bbox 149 975 1092 1054; baseline 0 -18"><span class='ocrx_word' id='word_1_53' title='bbox 149 977 258 1036; x_wconf 88' lang='lat' dir='ltr'><strong>nostris</strong></span> <span class='ocrx_word' id='word_1_54' title='bbox 271 975 479 1048; x_wconf 84' lang='lat' dir='ltr'><strong>voluntatibus,</strong></span> <span class='ocrx_word' id='word_1_55' title='bbox 494 981 525 1034; x_wconf 89' lang='lat' dir='ltr'><strong>et</strong></span> <span class='ocrx_word' id='word_1_56' title='bbox 540 976 635 1054; x_wconf 83' lang='lat' dir='ltr'><strong>[vero]</strong></span> <span class='ocrx_word' id='word_1_57' title='bbox 649 976 781 1034; x_wconf 85' lang='lat' dir='ltr'><strong>invident</strong></span> <span class='ocrx_word' id='word_1_58' title='bbox 798 996 858 1034; x_wconf 92' lang='lat' dir='ltr'><strong>non</strong></span> <span class='ocrx_word' id='word_1_59' title='bbox 870 976 982 1036; x_wconf 90' lang='lat' dir='ltr'><strong>nostris</strong></span> <span class='ocrx_word' id='word_1_60' title='bbox 995 977 1092 1036; x_wconf 89' lang='lat' dir='ltr'><strong>solum</strong></span> 
     </span>
     <span class='ocr_line' id='line_1_10' title="bbox 149 1065 435 1125; baseline 0 -1"><span class='ocrx_word' id='word_1_61' title='bbox 149 1066 351 1125; x_wconf 85' lang='lat' dir='ltr'><strong>verumetiam</strong></span> <span class='ocrx_word' id='word_1_62' title='bbox 365 1065 435 1124; x_wconf 90' lang='lat' dir='ltr'><strong>suis.</strong></span> 
     </span>
    </p>

    <p class='ocr_par' dir='ltr' id='par_1_3' title="bbox 149 1155 1092 1684">
     <span class='ocr_line' id='line_1_11' title="bbox 189 1155 1092 1234; baseline -0.001 -16"><span class='ocrx_word' id='word_1_63' title='bbox 189 1157 245 1218; x_wconf 86' lang='lat' dir='ltr'><strong>VI.</strong></span> <span class='ocrx_word' id='word_1_64' title='bbox 267 1155 314 1217; x_wconf 86' lang='lat'><strong>17.</strong></span> <span class='ocrx_word' id='word_1_65' title='bbox 336 1157 404 1215; x_wconf 89' lang='lat' dir='ltr'><strong>Jam</strong></span> <span class='ocrx_word' id='word_1_66' title='bbox 424 1155 475 1232; x_wconf 90' lang='lat' dir='ltr'><strong>qui</strong></span> <span class='ocrx_word' id='word_1_67' title='bbox 495 1155 527 1214; x_wconf 92' lang='lat' dir='ltr'><strong>in</strong></span> <span class='ocrx_word' id='word_1_68' title='bbox 548 1155 691 1234; x_wconf 88' lang='lat' dir='ltr'><strong>ejusmodi</strong></span> <span class='ocrx_word' id='word_1_69' title='bbox 710 1155 798 1214; x_wconf 87' lang='lat' dir='ltr'><strong>rebus</strong></span> <span class='ocrx_word' id='word_1_70' title='bbox 817 1155 850 1213; x_wconf 88' lang='lat' dir='ltr'><strong>in</strong></span> <span class='ocrx_word' id='word_1_71' title='bbox 869 1155 975 1232; x_wconf 88' lang='lat' dir='ltr'><strong>quibus</strong></span> <span class='ocrx_word' id='word_1_72' title='bbox 988 1177 1092 1217; x_wconf 85' lang='lat' dir='ltr'><strong>vereor</strong></span> 
     </span>
     <span class='ocr_line' id='line_1_12' title="bbox 149 1245 1091 1324; baseline 0.001 -18"><span class='ocrx_word' id='word_1_73' title='bbox 149 1247 238 1306; x_wconf 87' lang='lat' dir='ltr'><strong>etiam</strong></span> <span class='ocrx_word' id='word_1_74' title='bbox 250 1267 289 1306; x_wconf 92' lang='lat' dir='ltr'><strong>ne</strong></span> <span class='ocrx_word' id='word_1_75' title='bbox 303 1246 402 1306; x_wconf 89' lang='lat' dir='ltr'><strong>durior</strong></span> <span class='ocrx_word' id='word_1_76' title='bbox 415 1246 470 1304; x_wconf 89' lang='lat' dir='ltr'><strong>sim</strong></span> <span class='ocrx_word' id='word_1_77' title='bbox 483 1251 588 1304; x_wconf 84' lang='lat' dir='ltr'><strong>cautus</strong></span> <span class='ocrx_word' id='word_1_78' title='bbox 601 1265 665 1304; x_wconf 89' lang='lat' dir='ltr'><strong>esse</strong></span> <span class='ocrx_word' id='word_1_79' title='bbox 678 1245 764 1304; x_wconf 88' lang='lat' dir='ltr'><strong>velim</strong></span> <span class='ocrx_word' id='word_1_80' title='bbox 777 1266 810 1305; x_wconf 88' lang='lat' dir='ltr'><strong>ao</strong></span> <span class='ocrx_word' id='word_1_81' title='bbox 824 1245 955 1322; x_wconf 84' lang='lat' dir='ltr'><strong>diligens,</strong></span> <span class='ocrx_word' id='word_1_82' title='bbox 970 1267 1029 1324; x_wconf 91' lang='lat' dir='ltr'><strong>quo</strong></span> <span class='ocrx_word' id='word_1_83' title='bbox 1042 1268 1091 1308; x_wconf 87' lang='lat' dir='ltr'><strong>me</strong></span> 
     </span>
     <span class='ocr_line' id='line_1_13' title="bbox 149 1335 1090 1414; baseline 0.001 -17"><span class='ocrx_word' id='word_1_84' title='bbox 149 1338 246 1397; x_wconf 85' lang='lat' dir='ltr'><strong>animo</strong></span> <span class='ocrx_word' id='word_1_85' title='bbox 259 1337 292 1396; x_wconf 87' lang='lat' dir='ltr'><strong>in</strong></span> <span class='ocrx_word' id='word_1_86' title='bbox 305 1337 394 1397; x_wconf 80' lang='lat' dir='ltr'><strong>servis</strong></span> <span class='ocrx_word' id='word_1_87' title='bbox 408 1355 471 1395; x_wconf 89' lang='lat' dir='ltr'><strong>esse</strong></span> <span class='ocrx_word' id='word_1_88' title='bbox 490 1335 614 1394; x_wconf 79' lang='lat' dir='ltr'><strong>censes?</strong></span> <span class='ocrx_word' id='word_1_89' title='bbox 634 1356 707 1413; x_wconf 92' lang='lat' dir='ltr'><strong>quos</strong></span> <span class='ocrx_word' id='word_1_90' title='bbox 721 1335 836 1414; x_wconf 89' lang='lat' dir='ltr'><strong>quidem</strong></span> <span class='ocrx_word' id='word_1_91' title='bbox 849 1355 939 1413; x_wconf 89' lang='lat' dir='ltr'><strong>quum</strong></span> <span class='ocrx_word' id='word_1_92' title='bbox 952 1337 1090 1398; x_wconf 87' lang='lat' dir='ltr'><strong>omnibus</strong></span> 
     </span>
     <span class='ocr_line' id='line_1_14' title="bbox 149 1425 1090 1506; baseline 0.001 -20"><span class='ocrx_word' id='word_1_93' title='bbox 149 1428 182 1486; x_wconf 88' lang='lat' dir='ltr'><strong>in</strong></span> <span class='ocrx_word' id='word_1_94' title='bbox 190 1429 261 1488; x_wconf 88' lang='lat' dir='ltr'><strong>locis</strong></span> <span class='ocrx_word' id='word_1_95' title='bbox 273 1434 339 1487; x_wconf 89' lang='lat' dir='ltr'><strong>tum</strong></span> <span class='ocrx_word' id='word_1_96' title='bbox 351 1426 505 1506; x_wconf 86' lang='lat' dir='ltr'><strong>praecipue</strong></span> <span class='ocrx_word' id='word_1_97' title='bbox 517 1425 550 1484; x_wconf 92' lang='lat' dir='ltr'><strong>in</strong></span> <span class='ocrx_word' id='word_1_98' title='bbox 563 1425 718 1504; x_wconf 86' lang='lat' dir='ltr'><strong>provinciis</strong></span> <span class='ocrx_word' id='word_1_99' title='bbox 730 1446 831 1503; x_wconf 87' lang='lat' dir='ltr'><strong>regere</strong></span> <span class='ocrx_word' id='word_1_100' title='bbox 841 1425 989 1485; x_wconf 88' lang='lat' dir='ltr'><strong>debemus.</strong></span> <span class='ocrx_word' id='word_1_101' title='bbox 1021 1427 1090 1502; x_wconf 80' lang='lat' dir='ltr'><strong>Quo</strong></span> 
     </span>
     <span class='ocr_line' id='line_1_15' title="bbox 149 1515 1090 1596; baseline 0.001 -20"><span class='ocrx_word' id='word_1_102' title='bbox 149 1517 186 1576; x_wconf 92' lang='lat' dir='ltr'><strong>de</strong></span> <span class='ocrx_word' id='word_1_103' title='bbox 199 1539 305 1596; x_wconf 87' lang='lat' dir='ltr'><strong>genere</strong></span> <span class='ocrx_word' id='word_1_104' title='bbox 318 1519 411 1577; x_wconf 88' lang='lat' dir='ltr'><strong>multa</strong></span> <span class='ocrx_word' id='word_1_105' title='bbox 422 1515 549 1596; x_wconf 76' lang='lat' dir='ltr'><strong>praecipi</strong></span> <span class='ocrx_word' id='word_1_106' title='bbox 559 1521 700 1593; x_wconf 86' lang='lat' dir='ltr'><strong>possunt;</strong></span> <span class='ocrx_word' id='word_1_107' title='bbox 714 1517 766 1574; x_wconf 89' lang='lat' dir='ltr'><strong>sed</strong></span> <span class='ocrx_word' id='word_1_108' title='bbox 775 1517 830 1575; x_wconf 90' lang='lat' dir='ltr'><strong>hoc</strong></span> <span class='ocrx_word' id='word_1_109' title='bbox 842 1521 873 1574; x_wconf 94' lang='lat' dir='ltr'><strong>et</strong></span> <span class='ocrx_word' id='word_1_110' title='bbox 886 1515 1090 1576; x_wconf 88' lang='lat' dir='ltr'><strong>brevissimum</strong></span> 
     </span>
     <span class='ocr_line' id='line_1_16' title="bbox 149 1605 1088 1684; baseline 0 -17"><span class='ocrx_word' id='word_1_111' title='bbox 149 1613 195 1667; x_wconf 89' lang='lat' dir='ltr'><strong>est</strong></span> <span class='ocrx_word' id='word_1_112' title='bbox 218 1613 250 1667; x_wconf 91' lang='lat' dir='ltr'><strong>et</strong></span> <span class='ocrx_word' id='word_1_113' title='bbox 272 1608 406 1667; x_wconf 86' lang='lat' dir='ltr'><strong>facillime</strong></span> <span class='ocrx_word' id='word_1_114' title='bbox 426 1606 521 1666; x_wconf 87' lang='lat' dir='ltr'><strong>teneri</strong></span> <span class='ocrx_word' id='word_1_115' title='bbox 540 1611 647 1684; x_wconf 89' lang='lat' dir='ltr'><strong>potest,</strong></span> <span class='ocrx_word' id='word_1_116' title='bbox 669 1610 705 1665; x_wconf 90' lang='lat' dir='ltr'><strong>ut</strong></span> <span class='ocrx_word' id='word_1_117' title='bbox 727 1605 771 1665; x_wconf 88' lang='lat' dir='ltr'><strong>ita</strong></span> <span class='ocrx_word' id='word_1_118' title='bbox 791 1623 830 1666; x_wconf 87' lang='lat' dir='ltr'><strong>se.</strong></span> <span class='ocrx_word' id='word_1_119' title='bbox 844 1611 948 1683; x_wconf 85' lang='lat' dir='ltr'><strong>gerant</strong></span> <span class='ocrx_word' id='word_1_120' title='bbox 967 1606 1001 1666; x_wconf 95' lang='lat' dir='ltr'><strong>in</strong></span> <span class='ocrx_word' id='word_1_121' title='bbox 1022 1607 1088 1667; x_wconf 86' lang='lat' dir='ltr'><strong>istis</strong></span> 
     </span>
    </p>
   </div>
   <div class='ocr_carea' id='block_1_3' title="bbox 146 1768 1102 3462">
    <p class='ocr_par' dir='ltr' id='par_1_4' title="bbox 146 1768 1102 3462">
     <span class='ocr_line' id='line_1_17' title="bbox 182 1768 1087 1832; baseline -0.007 -14"><span class='ocrx_word' id='word_1_122' title='bbox 182 1771 301 1832; x_wconf 79' lang='lat' dir='ltr'><strong>Siceero]</strong></span> <span class='ocrx_word' id='word_1_123' title='bbox 337 1769 399 1816; x_wconf 81' lang='lat' dir='ltr'><strong>‘Sic&#39;</strong></span> <span class='ocrx_word' id='word_1_124' title='bbox 418 1770 439 1818; x_wconf 92' lang='lat' dir='ltr'><strong>is</strong></span> <span class='ocrx_word' id='word_1_125' title='bbox 456 1769 543 1829; x_wconf 81' lang='lat' dir='ltr'><strong>rightly</strong></span> <span class='ocrx_word' id='word_1_126' title='bbox 559 1783 601 1815; x_wconf 84' lang='lat' dir='ltr'><strong>ex·</strong></span> <span class='ocrx_word' id='word_1_127' title='bbox 634 1768 717 1816; x_wconf 83' lang='lat' dir='ltr'><strong>Cicero</strong></span> <span class='ocrx_word' id='word_1_128' title='bbox 733 1783 785 1829; x_wconf 84' lang='lat' dir='ltr'><strong>says</strong></span> <span class='ocrx_word' id='word_1_129' title='bbox 797 1769 958 1818; x_wconf 84' lang='lat' dir='ltr'><strong>“delectus..</strong></span> <span class='ocrx_word' id='word_1_130' title='bbox 971 1784 1087 1831; x_wconf 62' lang='lat' dir='ltr'><strong>‚peream</strong></span> 
     </span>
     <span class='ocr_line' id='line_1_18' title="bbox 148 1831 844 1895; baseline -0.001 -15"><span class='ocrx_word' id='word_1_131' title='bbox 148 1833 242 1895; x_wconf 87' lang='lat' dir='ltr'><strong>plainsd</strong></span> <span class='ocrx_word' id='word_1_132' title='bbox 252 1833 284 1894; x_wconf 77' lang='lat' dir='ltr'><strong>by</strong></span> <span class='ocrx_word' id='word_1_133' title='bbox 295 1833 322 1880; x_wconf 83' lang='lat' dir='ltr'><strong>P.</strong></span> <span class='ocrx_word' id='word_1_134' title='bbox 334 1832 457 1880; x_wconf 79' lang='lat' dir='ltr'><strong>Manutius</strong></span> <span class='ocrx_word' id='word_1_135' title='bbox 467 1847 493 1878; x_wconf 90' lang='lat' dir='ltr'><strong>as</strong></span> <span class='ocrx_word' id='word_1_136' title='bbox 508 1836 523 1859; x_wconf 88' lang='lat'><strong>“</strong></span> <span class='ocrx_word' id='word_1_137' title='bbox 533 1831 602 1879; x_wconf 81' lang='lat' dir='ltr'><strong>times</strong></span> <span class='ocrx_word' id='word_1_138' title='bbox 633 1835 673 1878; x_wconf 87' lang='lat' dir='ltr'><strong>tus</strong></span> <span class='ocrx_word' id='word_1_139' title='bbox 684 1837 710 1878; x_wconf 91' lang='lat' dir='ltr'><strong>et</strong></span> <span class='ocrx_word' id='word_1_140' title='bbox 720 1831 844 1892; x_wconf 79' lang='lat' dir='ltr'><strong>diligens.&#39;&#39;</strong></span> 
     </span>
     <span class='ocr_line' id='line_1_19' title="bbox 148 1894 1087 1956; baseline 0.001 -14"><span class='ocrx_word' id='word_1_141' title='bbox 148 1911 202 1943; x_wconf 82' lang='lat' dir='ltr'><strong>now</strong></span> <span class='ocrx_word' id='word_1_142' title='bbox 212 1895 269 1955; x_wconf 70' lang='lat' dir='ltr'><strong>gcl&#39;</strong></span> <span class='ocrx_word' id='word_1_143' title='bbox 664 1895 695 1942; x_wconf 83' lang='lat' dir='ltr'><strong>Ia</strong></span> <span class='ocrx_word' id='word_1_144' title='bbox 715 1896 802 1952; x_wconf 63' lang='lat' dir='ltr'><strong>soah]</strong></span> <span class='ocrx_word' id='word_1_145' title='bbox 843 1894 895 1942; x_wconf 86' lang='lat' dir='ltr'><strong>The</strong></span> <span class='ocrx_word' id='word_1_146' title='bbox 921 1894 1019 1956; x_wconf 76' lang='lat' dir='ltr'><strong>reading</strong></span> <span class='ocrx_word' id='word_1_147' title='bbox 1045 1896 1087 1943; x_wconf 85' lang='lat' dir='ltr'><strong>‘in</strong></span> 
     </span>
     <span class='ocr_line' id='line_1_20' title="bbox 179 1955 1088 2020; baseline 0 -16"><span class='ocrx_word' id='word_1_148' title='bbox 179 1959 297 2004; x_wconf 71' lang='lat' dir='ltr'><strong>Adhiberi</strong></span> <span class='ocrx_word' id='word_1_149' title='bbox 317 1956 469 2016; x_wconf 57' lang='lat' dir='ltr'><strong>liberalitem]</strong></span> <span class='ocrx_word' id='word_1_150' title='bbox 505 1956 544 2002; x_wconf 88' lang='lat' dir='ltr'><strong>He</strong></span> <span class='ocrx_word' id='word_1_151' title='bbox 565 1971 602 2002; x_wconf 93' lang='lat' dir='ltr'><strong>re-</strong></span> <span class='ocrx_word' id='word_1_152' title='bbox 633 1955 849 2018; x_wconf 77' lang='lat' dir='ltr'><strong>servos&#39;iswrong.</strong></span> <span class='ocrx_word' id='word_1_153' title='bbox 881 1957 1088 2020; x_wconf 75' lang='lat' dir='ltr'><strong>&#39;lhemeaningis</strong></span> 
     </span>
     <span class='ocr_line' id='line_1_21' title="bbox 148 2018 961 2080; baseline -0.001 -13"><span class='ocrx_word' id='word_1_154' title='bbox 148 2021 283 2068; x_wconf 86' lang='lat' dir='ltr'><strong>commenda</strong></span> <span class='ocrx_word' id='word_1_155' title='bbox 304 2019 336 2066; x_wconf 89' lang='lat' dir='ltr'><strong>all</strong></span> <span class='ocrx_word' id='word_1_156' title='bbox 361 2025 387 2065; x_wconf 87' lang='lat' dir='ltr'><strong>to</strong></span> <span class='ocrx_word' id='word_1_157' title='bbox 408 2018 439 2066; x_wconf 91' lang='lat' dir='ltr'><strong>be</strong></span> <span class='ocrx_word' id='word_1_158' title='bbox 455 2018 602 2080; x_wconf 82' lang='lat' dir='ltr'><strong>honourably</strong></span> <span class='ocrx_word' id='word_1_159' title='bbox 633 2019 857 2067; x_wconf 79' lang='lat' dir='ltr'><strong>‘inthematteroi</strong></span> <span class='ocrx_word' id='word_1_160' title='bbox 869 2020 961 2066; x_wconf 68' lang='lat' dir='ltr'><strong>alares!</strong></span> 
     </span>
     <span class='ocr_line' id='line_1_22' title="bbox 147 2080 1087 2144; baseline 0 -14"><span class='ocrx_word' id='word_1_161' title='bbox 147 2083 245 2138; x_wconf 83' lang='lat' dir='ltr'><strong>treated,</strong></span> <span class='ocrx_word' id='word_1_162' title='bbox 258 2080 394 2143; x_wconf 86' lang='lat' dir='ltr'><strong>‘liberally,’</strong></span> <span class='ocrx_word' id='word_1_163' title='bbox 406 2096 478 2128; x_wconf 79' lang='lat' dir='ltr'><strong>asise</strong></span> <span class='ocrx_word' id='word_1_164' title='bbox 488 2096 537 2142; x_wconf 84' lang='lat' dir='ltr'><strong>say.</strong></span> <span class='ocrx_word' id='word_1_165' title='bbox 560 2082 600 2129; x_wconf 87' lang='lat' dir='ltr'><strong>ci.</strong></span> <span class='ocrx_word' id='word_1_166' title='bbox 668 2083 700 2130; x_wconf 77' lang='lat' dir='ltr'><strong>m</strong></span> <span class='ocrx_word' id='word_1_167' title='bbox 718 2084 813 2130; x_wconf 62' lang='grc' dir='ltr'><strong>οἵα-αθ</strong></span> <span class='ocrx_word' id='word_1_168' title='bbox 828 2082 862 2144; x_wconf 82' lang='lat' dir='ltr'><strong>si]</strong></span> <span class='ocrx_word' id='word_1_169' title='bbox 897 2083 949 2129; x_wconf 82' lang='lat' dir='ltr'><strong>&#39;l&#39;he</strong></span> <span class='ocrx_word' id='word_1_170' title='bbox 964 2084 1018 2132; x_wconf 82' lang='lat' dir='ltr'><strong>first</strong></span> <span class='ocrx_word' id='word_1_171' title='bbox 1030 2081 1087 2130; x_wconf 84' lang='lat' dir='ltr'><strong>‘ut&#39;</strong></span> 
     </span>
     <span class='ocr_line' id='line_1_23' title="bbox 148 2143 1088 2207; baseline 0 -14"><span class='ocrx_word' id='word_1_172' title='bbox 148 2161 201 2193; x_wconf 88' lang='lat' dir='ltr'><strong>cero</strong></span> <span class='ocrx_word' id='word_1_173' title='bbox 220 2161 273 2207; x_wconf 86' lang='lat' dir='ltr'><strong>says</strong></span> <span class='ocrx_word' id='word_1_174' title='bbox 289 2147 314 2192; x_wconf 92' lang='lat' dir='ltr'><strong>in</strong></span> <span class='ocrx_word' id='word_1_175' title='bbox 331 2145 430 2192; x_wconf 82' lang='lat' dir='ltr'><strong>another</strong></span> <span class='ocrx_word' id='word_1_176' title='bbox 444 2145 509 2205; x_wconf 89' lang='lat' dir='ltr'><strong>plaoe</strong></span> <span class='ocrx_word' id='word_1_177' title='bbox 521 2143 599 2207; x_wconf 85' lang='lat' dir='ltr'><strong>(Verr.</strong></span> <span class='ocrx_word' id='word_1_178' title='bbox 631 2144 763 2192; x_wconf 80' lang='lat' dir='ltr'><strong>reierstoa</strong></span> <span class='ocrx_word' id='word_1_179' title='bbox 776 2150 935 2206; x_wconf 87' lang='lat' dir='ltr'><strong>praeceptum,</strong></span> <span class='ocrx_word' id='word_1_180' title='bbox 947 2160 993 2192; x_wconf 90' lang='lat' dir='ltr'><strong>one</strong></span> <span class='ocrx_word' id='word_1_181' title='bbox 1004 2145 1031 2193; x_wconf 76' lang='lat' dir='ltr'><strong>ei</strong></span> <span class='ocrx_word' id='word_1_182' title='bbox 1044 2147 1088 2194; x_wconf 82' lang='lat' dir='ltr'><strong>the</strong></span> 
     </span>
     <span class='ocr_line' id='line_1_24' title="bbox 147 2207 1087 2270; baseline -0.002 -14"><span class='ocrx_word' id='word_1_183' title='bbox 147 2210 172 2256; x_wconf 86' lang='lat' dir='ltr'><strong>ii.</strong></span> <span class='ocrx_word' id='word_1_184' title='bbox 183 2214 207 2268; x_wconf 80' lang='lat'><strong>5,</strong></span> <span class='ocrx_word' id='word_1_185' title='bbox 216 2225 236 2256; x_wconf 88' lang='lat' dir='ltr'><strong>c.</strong></span> <span class='ocrx_word' id='word_1_186' title='bbox 248 2208 306 2270; x_wconf 82' lang='lat'><strong>27):</strong></span> <span class='ocrx_word' id='word_1_187' title='bbox 324 2213 374 2254; x_wconf 82' lang='lat' dir='ltr'><strong>“ut</strong></span> <span class='ocrx_word' id='word_1_188' title='bbox 384 2208 405 2254; x_wconf 89' lang='lat' dir='ltr'><strong>is</strong></span> <span class='ocrx_word' id='word_1_189' title='bbox 415 2209 478 2254; x_wconf 87' lang='lat' dir='ltr'><strong>victu</strong></span> <span class='ocrx_word' id='word_1_190' title='bbox 488 2207 600 2254; x_wconf 85' lang='lat' dir='ltr'><strong>liberalis·</strong></span> <span class='ocrx_word' id='word_1_191' title='bbox 631 2208 713 2268; x_wconf 75' lang='lat' dir='ltr'><strong>things</strong></span> <span class='ocrx_word' id='word_1_192' title='bbox 735 2212 818 2270; x_wconf 84' lang='lat' dir='ltr'><strong>“quae</strong></span> <span class='ocrx_word' id='word_1_193' title='bbox 839 2209 941 2269; x_wconf 86' lang='lat' dir='ltr'><strong>praecipi</strong></span> <span class='ocrx_word' id='word_1_194' title='bbox 959 2209 1087 2269; x_wconf 80' lang='lat' dir='ltr'><strong>possunt,”</strong></span> 
     </span>
     <span class='ocr_line' id='line_1_25' title="bbox 148 2270 1089 2332; baseline 0 -13"><span class='ocrx_word' id='word_1_195' title='bbox 148 2273 206 2319; x_wconf 90' lang='lat' dir='ltr'><strong>sime</strong></span> <span class='ocrx_word' id='word_1_196' title='bbox 216 2270 390 2319; x_wconf 85' lang='lat' dir='ltr'><strong>adhiberetur.”</strong></span> <span class='ocrx_word' id='word_1_197' title='bbox 631 2271 679 2318; x_wconf 86' lang='lat' dir='ltr'><strong>and</strong></span> <span class='ocrx_word' id='word_1_198' title='bbox 696 2272 717 2318; x_wconf 89' lang='lat' dir='ltr'><strong>is</strong></span> <span class='ocrx_word' id='word_1_199' title='bbox 735 2271 850 2328; x_wconf 79' lang='lat' dir='ltr'><strong>followed,</strong></span> <span class='ocrx_word' id='word_1_200' title='bbox 868 2271 993 2332; x_wconf 72' lang='lat' dir='ltr'><strong>according</strong></span> <span class='ocrx_word' id='word_1_201' title='bbox 1007 2277 1033 2318; x_wconf 88' lang='lat' dir='ltr'><strong>to</strong></span> <span class='ocrx_word' id='word_1_202' title='bbox 1043 2271 1089 2320; x_wconf 86' lang='lat' dir='ltr'><strong>the</strong></span> 
     </span>
     <span class='ocr_line' id='line_1_26' title="bbox 183 2332 1088 2396; baseline -0.002 -12"><span class='ocrx_word' id='word_1_203' title='bbox 183 2338 241 2384; x_wconf 76' lang='lat' dir='ltr'><strong>ram</strong></span> <span class='ocrx_word' id='word_1_204' title='bbox 261 2335 359 2396; x_wconf 81' lang='lat' dir='ltr'><strong>fideles]</strong></span> <span class='ocrx_word' id='word_1_205' title='bbox 397 2332 491 2380; x_wconf 81' lang='lat' dir='ltr'><strong>Ernesti</strong></span> <span class='ocrx_word' id='word_1_206' title='bbox 517 2332 560 2379; x_wconf 81' lang='lat' dir='ltr'><strong>has</strong></span> <span class='ocrx_word' id='word_1_207' title='bbox 585 2347 601 2379; x_wconf 85' lang='lat' dir='ltr'><strong>a</strong></span> <span class='ocrx_word' id='word_1_208' title='bbox 631 2347 703 2394; x_wconf 72' lang='lat' dir='ltr'><strong>usage</strong></span> <span class='ocrx_word' id='word_1_209' title='bbox 720 2333 746 2380; x_wconf 89' lang='lat' dir='ltr'><strong>in</strong></span> <span class='ocrx_word' id='word_1_210' title='bbox 763 2333 821 2381; x_wconf 86' lang='lat' dir='ltr'><strong>such</strong></span> <span class='ocrx_word' id='word_1_211' title='bbox 839 2332 954 2394; x_wconf 81' lang='lat' dir='ltr'><strong>oases,by</strong></span> <span class='ocrx_word' id='word_1_212' title='bbox 970 2335 1012 2381; x_wconf 79' lang='lat' dir='ltr'><strong>the</strong></span> <span class='ocrx_word' id='word_1_213' title='bbox 1029 2335 1088 2382; x_wconf 83' lang='lat' dir='ltr'><strong>sub-</strong></span> 
     </span>
     <span class='ocr_line' id='line_1_27' title="bbox 148 2395 1089 2460; baseline 0 -14"><span class='ocrx_word' id='word_1_214' title='bbox 148 2400 266 2460; x_wconf 88' lang='lat' dir='ltr'><strong>suspioion</strong></span> <span class='ocrx_word' id='word_1_215' title='bbox 286 2399 339 2446; x_wconf 86' lang='lat' dir='ltr'><strong>that</strong></span> <span class='ocrx_word' id='word_1_216' title='bbox 360 2395 431 2443; x_wconf 83' lang='lat' dir='ltr'><strong>‘tam&#39;</strong></span> <span class='ocrx_word' id='word_1_217' title='bbox 458 2396 543 2443; x_wconf 81' lang='lat' dir='ltr'><strong>shoidd</strong></span> <span class='ocrx_word' id='word_1_218' title='bbox 570 2395 600 2442; x_wconf 88' lang='lat' dir='ltr'><strong>he</strong></span> <span class='ocrx_word' id='word_1_219' title='bbox 629 2397 735 2455; x_wconf 82' lang='lat' dir='ltr'><strong>J&#39;unctive</strong></span> <span class='ocrx_word' id='word_1_220' title='bbox 753 2395 869 2456; x_wconf 76' lang='lat' dir='ltr'><strong>‘gerant&#39;</strong></span> <span class='ocrx_word' id='word_1_221' title='bbox 901 2396 953 2443; x_wconf 88' lang='lat' dir='ltr'><strong>&#39;l&#39;he</strong></span> <span class='ocrx_word' id='word_1_222' title='bbox 967 2395 1024 2444; x_wconf 81' lang='lat' dir='ltr'><strong>‘ita&#39;</strong></span> <span class='ocrx_word' id='word_1_223' title='bbox 1038 2399 1089 2446; x_wconf 77' lang='lat' dir='ltr'><strong>aad</strong></span> 
     </span>
     <span class='ocr_line' id='line_1_28' title="bbox 149 2458 1093 2522; baseline 0.001 -13"><span class='ocrx_word' id='word_1_224' title='bbox 149 2462 234 2522; x_wconf 69' lang='lat' dir='ltr'><strong>‘jam5&#39;</strong></span> <span class='ocrx_word' id='word_1_225' title='bbox 261 2477 276 2509; x_wconf 86' lang='lat' dir='ltr'><strong>a</strong></span> <span class='ocrx_word' id='word_1_226' title='bbox 297 2477 353 2522; x_wconf 82' lang='lat' dir='ltr'><strong>very</strong></span> <span class='ocrx_word' id='word_1_227' title='bbox 379 2459 520 2506; x_wconf 84' lang='lat' dir='ltr'><strong>ill-founded</strong></span> <span class='ocrx_word' id='word_1_228' title='bbox 545 2472 598 2504; x_wconf 90' lang='lat' dir='ltr'><strong>one.</strong></span> <span class='ocrx_word' id='word_1_229' title='bbox 631 2459 672 2506; x_wconf 81' lang='lat' dir='ltr'><strong>the</strong></span> <span class='ocrx_word' id='word_1_230' title='bbox 683 2458 829 2506; x_wconf 82' lang='lat' dir='ltr'><strong>secend‘nt’</strong></span> <span class='ocrx_word' id='word_1_231' title='bbox 840 2459 905 2506; x_wconf 81' lang='lat' dir='ltr'><strong>show</strong></span> <span class='ocrx_word' id='word_1_232' title='bbox 922 2459 962 2506; x_wconf 86' lang='lat' dir='ltr'><strong>the</strong></span> <span class='ocrx_word' id='word_1_233' title='bbox 977 2461 1093 2510; x_wconf 65' lang='lat' dir='ltr'><strong>masor</strong></span> 
     </span>
     <span class='ocr_line' id='line_1_29' title="bbox 150 2521 1089 2582; baseline -0.001 -10"><span class='ocrx_word' id='word_1_234' title='bbox 150 2525 174 2572; x_wconf 88' lang='lat' dir='ltr'><strong>lt</strong></span> <span class='ocrx_word' id='word_1_235' title='bbox 184 2527 204 2574; x_wconf 94' lang='lat' dir='ltr'><strong>is</strong></span> <span class='ocrx_word' id='word_1_236' title='bbox 215 2539 260 2572; x_wconf 90' lang='lat' dir='ltr'><strong>one</strong></span> <span class='ocrx_word' id='word_1_237' title='bbox 273 2525 300 2572; x_wconf 82' lang='lat' dir='ltr'><strong>oi</strong></span> <span class='ocrx_word' id='word_1_238' title='bbox 314 2523 415 2572; x_wconf 88' lang='lat' dir='ltr'><strong>Cicero&#39;s</strong></span> <span class='ocrx_word' id='word_1_239' title='bbox 432 2536 542 2569; x_wconf 87' lang='lat' dir='ltr'><strong>common</strong></span> <span class='ocrx_word' id='word_1_240' title='bbox 558 2535 599 2568; x_wconf 87' lang='lat' dir='ltr'><strong>ex-</strong></span> <span class='ocrx_word' id='word_1_241' title='bbox 630 2521 672 2568; x_wconf 85' lang='lat' dir='ltr'><strong>the</strong></span> <span class='ocrx_word' id='word_1_242' title='bbox 691 2523 845 2582; x_wconf 86' lang='lat' dir='ltr'><strong>comparison,</strong></span> <span class='ocrx_word' id='word_1_243' title='bbox 862 2523 903 2568; x_wconf 88' lang='lat' dir='ltr'><strong>the</strong></span> <span class='ocrx_word' id='word_1_244' title='bbox 920 2521 1007 2569; x_wconf 88' lang='lat' dir='ltr'><strong>second</strong></span> <span class='ocrx_word' id='word_1_245' title='bbox 1022 2527 1089 2572; x_wconf 75' lang='lat' dir='ltr'><strong>tes&#39;m</strong></span> 
     </span>
     <span class='ocr_line' id='line_1_30' title="bbox 148 2583 1091 2650; baseline -0.005 -14"><span class='ocrx_word' id='word_1_246' title='bbox 148 2590 266 2649; x_wconf 82' lang='lat' dir='ltr'><strong>pressione</strong></span> <span class='ocrx_word' id='word_1_247' title='bbox 277 2586 355 2650; x_wconf 88' lang='lat' dir='ltr'><strong>(Verr.</strong></span> <span class='ocrx_word' id='word_1_248' title='bbox 368 2587 421 2634; x_wconf 75' lang='lat' dir='ltr'><strong>Aca</strong></span> <span class='ocrx_word' id='word_1_249' title='bbox 429 2586 445 2632; x_wconf 92' lang='lat' dir='ltr'><strong>i.</strong></span> <span class='ocrx_word' id='word_1_250' title='bbox 458 2601 478 2633; x_wconf 89' lang='lat' dir='ltr'><strong>o.</strong></span> <span class='ocrx_word' id='word_1_251' title='bbox 490 2586 521 2641; x_wconf 68' lang='grc' dir='ltr'><strong>ῖς</strong></span> <span class='ocrx_word' id='word_1_252' title='bbox 538 2584 562 2630; x_wconf 89' lang='lat' dir='ltr'><strong>ii.</strong></span> <span class='ocrx_word' id='word_1_253' title='bbox 575 2587 598 2640; x_wconf 83' lang='lat'><strong>2,</strong></span> <span class='ocrx_word' id='word_1_254' title='bbox 631 2583 658 2630; x_wconf 78' lang='lat' dir='ltr'><strong>of</strong></span> <span class='ocrx_word' id='word_1_255' title='bbox 671 2584 747 2630; x_wconf 83' lang='lat' dir='ltr'><strong>which</strong></span> <span class='ocrx_word' id='word_1_256' title='bbox 764 2586 870 2632; x_wconf 85' lang='lat' dir='ltr'><strong>contains</strong></span> <span class='ocrx_word' id='word_1_257' title='bbox 888 2599 920 2632; x_wconf 83' lang='lat' dir='ltr'><strong>an</strong></span> <span class='ocrx_word' id='word_1_258' title='bbox 937 2584 972 2631; x_wconf 81' lang='lat' dir='ltr'><strong>‘if</strong></span> <span class='ocrx_word' id='word_1_259' title='bbox 977 2583 984 2606; x_wconf 85' lang='lat'><em>&#39;</em></span> <span class='ocrx_word' id='word_1_260' title='bbox 996 2584 1049 2649; x_wconf 88' lang='lat' dir='ltr'><strong>(si),</strong></span> <span class='ocrx_word' id='word_1_261' title='bbox 1061 2602 1091 2636; x_wconf 75' lang='lat' dir='ltr'><strong>aa</strong></span> 
     </span>
     <span class='ocr_line' id='line_1_31' title="bbox 148 2645 1092 2712; baseline -0.004 -14"><span class='ocrx_word' id='word_1_262' title='bbox 148 2651 232 2712; x_wconf 77' lang='lat' dir='ltr'><strong>a26).</strong></span> <span class='ocrx_word' id='word_1_263' title='bbox 266 2650 348 2697; x_wconf 79' lang='lat' dir='ltr'><strong>‘Tam&#39;</strong></span> <span class='ocrx_word' id='word_1_264' title='bbox 363 2650 383 2696; x_wconf 93' lang='lat' dir='ltr'><strong>is</strong></span> <span class='ocrx_word' id='word_1_265' title='bbox 399 2648 458 2696; x_wconf 88' lang='lat' dir='ltr'><strong>used</strong></span> <span class='ocrx_word' id='word_1_266' title='bbox 475 2645 599 2703; x_wconf 82' lang='lat' dir='ltr'><strong>like⁴ita,&#39;</strong></span> <span class='ocrx_word' id='word_1_267' title='bbox 631 2647 657 2693; x_wconf 92' lang='lat' dir='ltr'><strong>in</strong></span> <span class='ocrx_word' id='word_1_268' title='bbox 667 2647 705 2694; x_wconf 91' lang='lat' dir='ltr'><strong>De</strong></span> <span class='ocrx_word' id='word_1_269' title='bbox 716 2647 771 2694; x_wconf 81' lang='lat' dir='ltr'><strong>Am.</strong></span> <span class='ocrx_word' id='word_1_270' title='bbox 786 2649 823 2704; x_wconf 83' lang='grc'><strong>16,</strong></span> <span class='ocrx_word' id='word_1_271' title='bbox 836 2648 893 2694; x_wconf 83' lang='lat' dir='ltr'><strong>“ita</strong></span> <span class='ocrx_word' id='word_1_272' title='bbox 909 2655 1092 2699; x_wconf 61' lang='lat' dir='ltr'><strong>amaremur</strong></span> 
     </span>
     <span class='ocr_line' id='line_1_32' title="bbox 149 2709 978 2772; baseline -0.004 -12"><span class='ocrx_word' id='word_1_273' title='bbox 149 2713 186 2759; x_wconf 90' lang='lat' dir='ltr'><strong>De</strong></span> <span class='ocrx_word' id='word_1_274' title='bbox 201 2714 256 2760; x_wconf 83' lang='lat' dir='ltr'><strong>Sen.</strong></span> <span class='ocrx_word' id='word_1_275' title='bbox 268 2715 307 2768; x_wconf 79' lang='lat'><strong>20,</strong></span> <span class='ocrx_word' id='word_1_276' title='bbox 319 2717 391 2759; x_wconf 84' lang='lat' dir='ltr'><strong>“non</strong></span> <span class='ocrx_word' id='word_1_277' title='bbox 401 2709 544 2771; x_wconf 78' lang='lat' dir='ltr'><strong>italonga;”</strong></span> <span class='ocrx_word' id='word_1_278' title='bbox 561 2709 600 2756; x_wconf 79' lang='lat' dir='ltr'><strong>ad</strong></span> <span class='ocrx_word' id='word_1_279' title='bbox 632 2709 858 2772; x_wconf 88' lang='lat' dir='ltr'><strong>sialiquandoesset</strong></span> <span class='ocrx_word' id='word_1_280' title='bbox 868 2709 978 2758; x_wconf 84' lang='lat' dir='ltr'><strong>esurus.”</strong></span> 
     </span>
     <span class='ocr_line' id='line_1_33' title="bbox 148 2771 1093 2834; baseline 0.002 -11"><span class='ocrx_word' id='word_1_281' title='bbox 148 2775 179 2825; x_wconf 77' lang='lat' dir='ltr'><strong>Q·</strong></span> <span class='ocrx_word' id='word_1_282' title='bbox 192 2775 260 2822; x_wconf 67' lang='lat' dir='ltr'><strong>Fac.</strong></span> <span class='ocrx_word' id='word_1_283' title='bbox 277 2777 314 2830; x_wconf 94' lang='lat' dir='ltr'><strong>ll,</strong></span> <span class='ocrx_word' id='word_1_284' title='bbox 327 2778 342 2802; x_wconf 82' lang='lat'><strong>‘⁴</strong></span> <span class='ocrx_word' id='word_1_285' title='bbox 352 2790 400 2821; x_wconf 91' lang='lat' dir='ltr'><strong>nou</strong></span> <span class='ocrx_word' id='word_1_286' title='bbox 413 2775 447 2821; x_wconf 86' lang='lat' dir='ltr'><strong>ita</strong></span> <span class='ocrx_word' id='word_1_287' title='bbox 462 2771 599 2820; x_wconf 88' lang='lat' dir='ltr'><strong>acerbum.”</strong></span> <span class='ocrx_word' id='word_1_288' title='bbox 663 2773 1003 2834; x_wconf 77' lang='lat' dir='ltr'><strong>Adiffiordtyhasbeeumade</strong></span> <span class='ocrx_word' id='word_1_289' title='bbox 1013 2773 1093 2826; x_wconf 78' lang='lat' dir='ltr'><strong>about</strong></span> 
     </span>
     <span class='ocr_line' id='line_1_34' title="bbox 149 2831 1093 2899; baseline 0.002 -17"><span class='ocrx_word' id='word_1_290' title='bbox 149 2837 182 2882; x_wconf 81' lang='lat' dir='ltr'><strong>As</strong></span> <span class='ocrx_word' id='word_1_291' title='bbox 198 2842 224 2883; x_wconf 82' lang='lat' dir='ltr'><strong>to</strong></span> <span class='ocrx_word' id='word_1_292' title='bbox 243 2842 343 2897; x_wconf 85' lang='lat' dir='ltr'><strong>“neque</strong></span> <span class='ocrx_word' id='word_1_293' title='bbox 359 2844 409 2884; x_wconf 85' lang='lat' dir='ltr'><strong>tam</strong></span> <span class='ocrx_word' id='word_1_294' title='bbox 430 2831 598 2897; x_wconf 80' lang='lat' dir='ltr'><strong>et—[vero],&#39;¹</strong></span> <span class='ocrx_word' id='word_1_295' title='bbox 632 2835 749 2892; x_wconf 65' lang='lat' dir='ltr'><strong>‘faceres&#39;</strong></span> <span class='ocrx_word' id='word_1_296' title='bbox 760 2835 834 2882; x_wconf 79' lang='lat' dir='ltr'><strong>ondit</strong></span> <span class='ocrx_word' id='word_1_297' title='bbox 845 2836 887 2883; x_wconf 83' lang='lat' dir='ltr'><strong>has</strong></span> <span class='ocrx_word' id='word_1_298' title='bbox 897 2836 957 2884; x_wconf 89' lang='lat' dir='ltr'><strong>been</strong></span> <span class='ocrx_word' id='word_1_299' title='bbox 968 2839 1093 2899; x_wconf 77' lang='lat' dir='ltr'><strong>supposed</strong></span> 
     </span>
     <span class='ocr_line' id='line_1_35' title="bbox 148 2897 1093 2960; baseline 0.003 -14"><span class='ocrx_word' id='word_1_300' title='bbox 148 2900 285 2946; x_wconf 85' lang='lat' dir='ltr'><strong>&amp;c.seeDe</strong></span> <span class='ocrx_word' id='word_1_301' title='bbox 293 2899 347 2945; x_wconf 84' lang='lat' dir='ltr'><strong>Am.</strong></span> <span class='ocrx_word' id='word_1_302' title='bbox 357 2914 377 2946; x_wconf 86' lang='lat' dir='ltr'><strong>o.</strong></span> <span class='ocrx_word' id='word_1_303' title='bbox 386 2901 426 2954; x_wconf 79' lang='lat'><strong>27.</strong></span> <span class='ocrx_word' id='word_1_304' title='bbox 458 2897 599 2947; x_wconf 81' lang='lat' dir='ltr'><strong>The‘sero&#39;</strong></span> <span class='ocrx_word' id='word_1_305' title='bbox 631 2897 683 2946; x_wconf 85' lang='lat' dir='ltr'><strong>that</strong></span> <span class='ocrx_word' id='word_1_306' title='bbox 705 2897 797 2946; x_wconf 71' lang='lat' dir='ltr'><strong>‘facim’</strong></span> <span class='ocrx_word' id='word_1_307' title='bbox 814 2899 890 2960; x_wconf 76' lang='lat' dir='ltr'><strong>ought</strong></span> <span class='ocrx_word' id='word_1_308' title='bbox 909 2903 936 2946; x_wconf 83' lang='lat' dir='ltr'><strong>to</strong></span> <span class='ocrx_word' id='word_1_309' title='bbox 957 2899 988 2947; x_wconf 88' lang='lat' dir='ltr'><strong>be</strong></span> <span class='ocrx_word' id='word_1_310' title='bbox 1008 2901 1034 2948; x_wconf 87' lang='lat' dir='ltr'><strong>in</strong></span> <span class='ocrx_word' id='word_1_311' title='bbox 1057 2903 1093 2950; x_wconf 85' lang='lat' dir='ltr'><strong>ita</strong></span> 
     </span>
     <span class='ocr_line' id='line_1_36' title="bbox 147 2961 1095 3023; baseline 0.006 -15"><span class='ocrx_word' id='word_1_312' title='bbox 147 2961 227 3008; x_wconf 81' lang='lat' dir='ltr'><strong>before</strong></span> <span class='ocrx_word' id='word_1_313' title='bbox 251 2961 378 3008; x_wconf 77' lang='lat' dir='ltr'><strong>‘invident&#39;</strong></span> <span class='ocrx_word' id='word_1_314' title='bbox 405 2975 480 3008; x_wconf 87' lang='lat' dir='ltr'><strong>seems</strong></span> <span class='ocrx_word' id='word_1_315' title='bbox 506 2967 550 3009; x_wconf 84' lang='lat' dir='ltr'><strong>out</strong></span> <span class='ocrx_word' id='word_1_316' title='bbox 576 2961 603 3010; x_wconf 77' lang='lat' dir='ltr'><strong>ei</strong></span> <span class='ocrx_word' id='word_1_317' title='bbox 632 2963 713 3023; x_wconf 67' lang='lat' dir='ltr'><strong>place,</strong></span> <span class='ocrx_word' id='word_1_318' title='bbox 738 2963 782 3009; x_wconf 82' lang='lat' dir='ltr'><strong>but</strong></span> <span class='ocrx_word' id='word_1_319' title='bbox 796 2963 838 3010; x_wconf 81' lang='lat' dir='ltr'><strong>the</strong></span> <span class='ocrx_word' id='word_1_320' title='bbox 853 2963 994 3010; x_wconf 77' lang='lat' dir='ltr'><strong>translation</strong></span> <span class='ocrx_word' id='word_1_321' title='bbox 1008 2966 1095 3014; x_wconf 75' lang='lat' dir='ltr'><strong>would</strong></span> 
     </span>
     <span class='ocr_line' id='line_1_37' title="bbox 147 3022 1095 3090; baseline 0.004 -18"><span class='ocrx_word' id='word_1_322' title='bbox 147 3025 221 3085; x_wconf 86' lang='lat' dir='ltr'><strong>place.</strong></span> <span class='ocrx_word' id='word_1_323' title='bbox 255 3022 404 3071; x_wconf 87' lang='lat' dir='ltr'><strong>SeeOrelli’s</strong></span> <span class='ocrx_word' id='word_1_324' title='bbox 416 3028 481 3071; x_wconf 85' lang='lat' dir='ltr'><strong>note.</strong></span> <span class='ocrx_word' id='word_1_325' title='bbox 632 3024 849 3072; x_wconf 87' lang='lat' dir='ltr'><strong>notbethesame.</strong></span> <span class='ocrx_word' id='word_1_326' title='bbox 883 3025 908 3072; x_wconf 89' lang='lat' dir='ltr'><strong>lt</strong></span> <span class='ocrx_word' id='word_1_327' title='bbox 916 3039 998 3072; x_wconf 82' lang='lat' dir='ltr'><strong>means</strong></span> <span class='ocrx_word' id='word_1_328' title='bbox 1007 3027 1095 3090; x_wconf 79' lang='lat' dir='ltr'><strong>“they</strong></span> 
     </span>
     <span class='ocr_line' id='line_1_38' title="bbox 179 3085 1099 3150; baseline 0.005 -16"><span class='ocrx_word' id='word_1_329' title='bbox 179 3090 203 3138; x_wconf 77' lang='grc'><strong>6,</strong></span> <span class='ocrx_word' id='word_1_330' title='bbox 230 3087 360 3146; x_wconf 68' lang='lat' dir='ltr'><strong>Didyma]</strong></span> <span class='ocrx_word' id='word_1_331' title='bbox 394 3085 418 3132; x_wconf 74' lang='lat' dir='ltr'>A</span> <span class='ocrx_word' id='word_1_332' title='bbox 439 3085 503 3132; x_wconf 81' lang='lat' dir='ltr'><strong>word</strong></span> <span class='ocrx_word' id='word_1_333' title='bbox 524 3099 600 3133; x_wconf 89' lang='lat' dir='ltr'><strong>some·</strong></span> <span class='ocrx_word' id='word_1_334' title='bbox 632 3091 696 3134; x_wconf 88' lang='lat' dir='ltr'><strong>must</strong></span> <span class='ocrx_word' id='word_1_335' title='bbox 707 3087 829 3136; x_wconf 85' lang='lat' dir='ltr'><strong>behassin</strong></span> <span class='ocrx_word' id='word_1_336' title='bbox 839 3087 908 3134; x_wconf 88' lang='lat' dir='ltr'><strong>those</strong></span> <span class='ocrx_word' id='word_1_337' title='bbox 918 3102 1056 3150; x_wconf 76' lang='lat' dir='ltr'><strong>progresses</strong></span> <span class='ocrx_word' id='word_1_338' title='bbox 1068 3092 1099 3139; x_wconf 80' lang='lat' dir='ltr'><strong>oi</strong></span> 
     </span>
     <span class='ocr_line' id='line_1_39' title="bbox 146 3147 1097 3212; baseline 0.006 -16"><span class='ocrx_word' id='word_1_339' title='bbox 146 3149 216 3196; x_wconf 87' lang='lat' dir='ltr'><strong>times</strong></span> <span class='ocrx_word' id='word_1_340' title='bbox 227 3147 408 3195; x_wconf 76' lang='lat' dir='ltr'><strong>mishanslated.</strong></span> <span class='ocrx_word' id='word_1_341' title='bbox 442 3148 487 3194; x_wconf 83' lang='lat' dir='ltr'><strong>See</strong></span> <span class='ocrx_word' id='word_1_342' title='bbox 504 3149 600 3196; x_wconf 79' lang='lat' dir='ltr'><strong>whatis</strong></span> <span class='ocrx_word' id='word_1_343' title='bbox 631 3163 702 3210; x_wconf 83' lang='lat' dir='ltr'><strong>yours</strong></span> <span class='ocrx_word' id='word_1_344' title='bbox 719 3151 745 3196; x_wconf 89' lang='lat' dir='ltr'><strong>in</strong></span> <span class='ocrx_word' id='word_1_345' title='bbox 763 3151 828 3206; x_wconf 79' lang='lat' dir='ltr'><strong>Asia,</strong></span> <span class='ocrx_word' id='word_1_346' title='bbox 843 3150 894 3209; x_wconf 86' lang='lat' dir='ltr'><strong>just</strong></span> <span class='ocrx_word' id='word_1_347' title='bbox 904 3165 931 3198; x_wconf 85' lang='lat' dir='ltr'><strong>as</strong></span> <span class='ocrx_word' id='word_1_348' title='bbox 942 3151 1000 3212; x_wconf 80' lang='lat' dir='ltr'><strong>they</strong></span> <span class='ocrx_word' id='word_1_349' title='bbox 1010 3155 1097 3202; x_wconf 73' lang='lat' dir='ltr'><strong>would</strong></span> 
     </span>
     <span class='ocr_line' id='line_1_40' title="bbox 146 3208 1097 3274; baseline 0.005 -15"><span class='ocrx_word' id='word_1_350' title='bbox 146 3211 196 3259; x_wconf 82' lang='lat' dir='ltr'><strong>said</strong></span> <span class='ocrx_word' id='word_1_351' title='bbox 206 3211 233 3258; x_wconf 81' lang='lat' dir='ltr'><strong>oi</strong></span> <span class='ocrx_word' id='word_1_352' title='bbox 242 3209 390 3268; x_wconf 75' lang='lat' dir='ltr'><strong>‘diligo&#39;and</strong></span> <span class='ocrx_word' id='word_1_353' title='bbox 402 3208 486 3265; x_wconf 66' lang='lat' dir='ltr'><strong>‘amo,¹</strong></span> <span class='ocrx_word' id='word_1_354' title='bbox 498 3209 599 3258; x_wconf 81' lang='lat' dir='ltr'><strong>DeAm.</strong></span> <span class='ocrx_word' id='word_1_355' title='bbox 632 3211 691 3258; x_wconf 82' lang='lat' dir='ltr'><strong>have</strong></span> <span class='ocrx_word' id='word_1_356' title='bbox 701 3212 763 3258; x_wconf 91' lang='lat' dir='ltr'><strong>done</strong></span> <span class='ocrx_word' id='word_1_357' title='bbox 773 3213 794 3258; x_wconf 79' lang='lat' dir='ltr'><strong>ii</strong></span> <span class='ocrx_word' id='word_1_358' title='bbox 807 3227 853 3274; x_wconf 84' lang='lat' dir='ltr'><strong>yon</strong></span> <span class='ocrx_word' id='word_1_359' title='bbox 864 3212 912 3260; x_wconf 81' lang='lat' dir='ltr'><strong>had</strong></span> <span class='ocrx_word' id='word_1_360' title='bbox 925 3213 988 3261; x_wconf 88' lang='lat' dir='ltr'><strong>been</strong></span> <span class='ocrx_word' id='word_1_361' title='bbox 1002 3217 1097 3265; x_wconf 80' lang='lat' dir='ltr'><strong>travel-</strong></span> 
     </span>
     <span class='ocr_line' id='line_1_41' title="bbox 146 3271 1098 3344; baseline 0.012 -27"><span class='ocrx_word' id='word_1_362' title='bbox 146 3288 167 3320; x_wconf 87' lang='lat' dir='ltr'><strong>e.</strong></span> <span class='ocrx_word' id='word_1_363' title='bbox 178 3275 217 3328; x_wconf 81' lang='lat'><strong>27.</strong></span> <span class='ocrx_word' id='word_1_364' title='bbox 252 3271 379 3331; x_wconf 77' lang='lat' dir='ltr'><strong>‘Diligens’</strong></span> <span class='ocrx_word' id='word_1_365' title='bbox 397 3271 490 3330; x_wconf 89' lang='lat' dir='ltr'><strong>implies</strong></span> <span class='ocrx_word' id='word_1_366' title='bbox 507 3286 599 3332; x_wconf 87' lang='lat' dir='ltr'><strong>separa·</strong></span> <span class='ocrx_word' id='word_1_367' title='bbox 631 3274 680 3332; x_wconf 80' lang='lat' dir='ltr'><strong>ling</strong></span> <span class='ocrx_word' id='word_1_368' title='bbox 691 3274 762 3334; x_wconf 77' lang='lat' dir='ltr'><strong>along</strong></span> <span class='ocrx_word' id='word_1_369' title='bbox 772 3274 813 3322; x_wconf 85' lang='lat' dir='ltr'><strong>the</strong></span> <span class='ocrx_word' id='word_1_370' title='bbox 830 3275 910 3338; x_wconf 80' lang='lat' dir='ltr'><strong>Appia</strong></span> <span class='ocrx_word' id='word_1_371' title='bbox 922 3277 988 3324; x_wconf 82' lang='lat' dir='ltr'><strong>vis.”</strong></span> <span class='ocrx_word' id='word_1_372' title='bbox 1022 3278 1098 3344; x_wconf 71' lang='lat' dir='ltr'><strong>They</strong></span> 
     </span>
     <span class='ocr_line' id='line_1_42' title="bbox 146 3333 1099 3400; baseline 0.005 -18"><span class='ocrx_word' id='word_1_373' title='bbox 146 3336 205 3392; x_wconf 78' lang='lat' dir='ltr'><strong>tion,</strong></span> <span class='ocrx_word' id='word_1_374' title='bbox 216 3333 335 3389; x_wconf 82' lang='lat' dir='ltr'><strong>selection,</strong></span> <span class='ocrx_word' id='word_1_375' title='bbox 346 3333 393 3379; x_wconf 86' lang='lat' dir='ltr'><strong>and</strong></span> <span class='ocrx_word' id='word_1_376' title='bbox 404 3334 478 3380; x_wconf 81' lang='lat' dir='ltr'><strong>hence</strong></span> <span class='ocrx_word' id='word_1_377' title='bbox 489 3348 550 3391; x_wconf 86' lang='lat' dir='ltr'><strong>esre,</strong></span> <span class='ocrx_word' id='word_1_378' title='bbox 562 3340 599 3380; x_wconf 87' lang='lat' dir='ltr'><strong>at·</strong></span> <span class='ocrx_word' id='word_1_379' title='bbox 631 3339 695 3381; x_wconf 89' lang='lat' dir='ltr'><strong>must</strong></span> <span class='ocrx_word' id='word_1_380' title='bbox 705 3335 794 3382; x_wconf 84' lang='lat' dir='ltr'><strong>bshase</strong></span> <span class='ocrx_word' id='word_1_381' title='bbox 806 3338 874 3384; x_wconf 77' lang='lat' dir='ltr'><strong>when</strong></span> <span class='ocrx_word' id='word_1_382' title='bbox 885 3339 942 3400; x_wconf 81' lang='lat' dir='ltr'><strong>they</strong></span> <span class='ocrx_word' id='word_1_383' title='bbox 951 3340 1013 3387; x_wconf 83' lang='lat' dir='ltr'><strong>hare</strong></span> <span class='ocrx_word' id='word_1_384' title='bbox 1023 3356 1099 3392; x_wconf 76' lang='lat' dir='ltr'><strong>coma</strong></span> 
     </span>
     <span class='ocr_line' id='line_1_43' title="bbox 146 3395 1102 3462; baseline 0.003 -17"><span class='ocrx_word' id='word_1_385' title='bbox 146 3399 246 3455; x_wconf 74' lang='lat' dir='ltr'><strong>lenden,</strong></span> <span class='ocrx_word' id='word_1_386' title='bbox 263 3399 391 3443; x_wconf 74' lang='lat' dir='ltr'><strong>enctness.</strong></span> <span class='ocrx_word' id='word_1_387' title='bbox 427 3395 523 3457; x_wconf 75' lang='lat' dir='ltr'><strong>shortly</strong></span> <span class='ocrx_word' id='word_1_388' title='bbox 539 3397 599 3443; x_wconf 82' lang='lat' dir='ltr'><strong>alter</strong></span> <span class='ocrx_word' id='word_1_389' title='bbox 630 3402 655 3444; x_wconf 88' lang='lat' dir='ltr'><strong>to</strong></span> <span class='ocrx_word' id='word_1_390' title='bbox 680 3411 712 3444; x_wconf 82' lang='lat' dir='ltr'><strong>sn</strong></span> <span class='ocrx_word' id='word_1_391' title='bbox 733 3398 823 3460; x_wconf 77' lang='lat' dir='ltr'><strong>Asiade</strong></span> <span class='ocrx_word' id='word_1_392' title='bbox 843 3404 916 3458; x_wconf 78' lang='lat' dir='ltr'><strong>town,</strong></span> <span class='ocrx_word' id='word_1_393' title='bbox 935 3401 1032 3462; x_wconf 64' lang='lat' dir='ltr'><strong>hallis,</strong></span> <span class='ocrx_word' id='word_1_394' title='bbox 1056 3407 1102 3456; x_wconf 60' lang='lat' dir='ltr'><strong>fos·</strong></span> 
     </span>
    </p>
   </div>
   <div class='ocr_carea' id='block_1_4' title="bbox 0 0 1190 3758">
    <p class='ocr_par' dir='ltr' id='par_1_5' title="bbox 0 0 1190 3758">
     <span class='ocr_line' id='line_1_44' title="bbox 0 0 1190 3758; baseline 0 0"><span class='ocrx_word' id='word_1_395' title='bbox 0 0 1190 3758; x_wconf 95' lang='lat' dir='ltr'><strong> </strong></span> 
     </span>
    </p>
   </div>
  </div>
 </body>
</html>
