2362 3756
179 201 218 259 26
508 201 616 262 CATO
638 203 794 263 MAJOR.

179 377 285 417 venum
305 358 449 418 fortunati
472 359 666 431 videbantur3
693 379 748 419 nec
771 360 826 419 ulli
848 360 992 422 bonarum
1015 363 1113 422 artium

178 450 309 526 magistri
329 470 390 510 non
409 451 489 509 beati
507 451 640 528 putendi,
661 451 791 528 quamvis
811 453 1020 512 consenuerint
1045 455 1113 514 vires

177 546 265 618 etque
279 540 446 599 defecerint.
488 541 555 599 Etsi
565 541 622 600 ista
633 541 696 619 ipsa
707 541 831 600 defectio
841 542 945 600 virium
956 543 1113 603 adolescen-

177 631 236 690 tiae
257 632 336 690 vitiis
360 632 486 691 efficitur
507 632 622 709 saepius
646 653 733 710 quam
757 633 936 706 senectutis3
966 634 1114 694 libidinosa

176 723 305 782 enimet
325 723 522 800 intemperans
542 723 738 782 adolescentia
757 724 877 782 effetum
897 743 1002 802 corpus
1029 726 1114 784 tradit

177 813 330 872 senectuti.
385 817 432 871 30.
463 812 558 890 Cyrus
582 812 699 890 quidem
725 813 804 890 apud
830 813 1057 891 Xenophontem
1082 837 1114 875 eo

176 923 308 962 sermone
336 923 422 981 quem
447 902 573 961 moriens
600 903 711 976 habuit,
739 923 830 981 quum
850 904 1007 962 admodum
1030 925 1115 966 senex

175 1001 262 1068 esset,
276 999 365 1071 neget
379 1014 410 1053 se
423 1013 552 1072 unquam
566 993 692 1052 sensisse
706 999 888 1053 senectutem
899 1015 981 1054 suam
991 995 1114 1056 imbecil-

174 1087 276 1146 liorem
288 1086 395 1152 faotam
415 1105 502 1162 quam
522 1084 718 1143 adolescentia
730 1084 844 1142 fixisset.
885 1085 949 1161 Ego
963 1085 999 1143 L.
1010 1085 1114 1144 Metel·

174 1177 235 1236 lum
245 1176 364 1236 memini
373 1195 454 1254 puer,
466 1175 516 1254 qui
527 1195 616 1254 quum
631 1175 821 1252 quadriennio
831 1181 898 1254 post
912 1176 1037 1236 alterum
1049 1197 1114 1238 con·

174 1269 303 1327 sulatum
327 1267 464 1327 Pontifex
484 1267 633 1324 Maximus
654 1266 750 1325 factus
771 1271 849 1324 esset
869 1266 974 1343 viginti
993 1272 1025 1326 et
1041 1268 1113 1328 duos

173 1379 266 1419 annos
280 1359 307 1419 ei
321 1358 481 1420 sacerdotio
499 1357 635 1436 praefuit,
649 1356 692 1415 ita
711 1357 796 1415 bonis
815 1375 878 1415 esse
896 1357 1116 1418 viribus-extre·

173 1471 221 1510 mo
231 1457 362 1530 tempore
372 1449 476 1510 aetatis
486 1455 522 1508 ut
532 1447 755 1508 adolescentiam
764 1468 826 1506 non
835 1448 1004 1525 requireret.
1033 1449 1117 1509 Nihil

172 1562 291 1602 neeesse
311 1547 357 1601 est
375 1541 447 1600 mihi
468 1539 504 1598 de
526 1559 572 1597 me
593 1539 657 1616 ipso
682 1538 794 1611 dicere;
822 1559 995 1618 quamquam
1018 1546 1065 1600 est
1086 1541 1117 1600 id

172 1634 289 1711 quidem
303 1632 394 1691 senile
406 1631 553 1708 aetatique
566 1635 684 1688 nostrae
698 1630 875 1690 conceditur.

211 1725 251 1782 X.
273 1727 321 1781 31.
342 1721 496 1782 Videtisne
508 1726 543 1778 ut
554 1720 632 1798 apud
643 1721 807 1779 Homerum
821 1720 988 1799 saepissime
1001 1722 1118 1783 Nestor

172 1814 208 1874 de
221 1813 381 1872 virtutibus
395 1811 456 1871 suis
469 1811 641 1890 praedicet?
682 1812 811 1870 Tertiam
824 1811 902 1870 enim
911 1812 972 1890 jam
986 1818 1118 1874 aetatem

171 1905 321 1964 hominum
334 1904 457 1975 vivebat,
470 1921 525 1962 nec
536 1907 600 1962 erat
610 1903 639 1961 ei
647 1903 806 1962 verendum
816 1923 854 1961 ne
864 1922 933 1961 vere
942 1904 1118 1981 praedicens

172 1997 208 2056 de
222 2015 253 2055 se
266 1995 352 2053 nimis
370 1994 518 2053 videretur
538 1999 590 2052 aut
609 1993 738 2052 insolens
758 1997 810 2052 aut
829 1993 943 2070 loquax.
984 1994 1119 2070 Etenim,

171 2093 206 2147 ut
219 2087 261 2146 ait
274 2086 432 2158 Homerus,
443 2105 479 2144 ex
489 2086 552 2164 ejus
561 2085 662 2162 lingua
671 2085 757 2142 melle
768 2083 879 2142 dulcior
888 2083 998 2142 fluebat
1008 2087 1119 2160 oratio,

171 2198 257 2258 quam
279 2177 316 2235 ad
336 2177 508 2235 suavitatem
529 2175 619 2234 nullis
641 2175 745 2252 egebat
767 2174 895 2252 corporis
919 2174 1049 2234 viribus:
1087 2185 1120 2238 et

170 2275 270 2328 tamen
283 2268 342 2326 dux
354 2267 403 2326 ille
419 2266 558 2327 Graeciae
576 2286 720 2342 nusquam
739 2270 822 2343 optat
840 2270 875 2322 ut
888 2264 989 2344 Ajacis
1004 2265 1120 2328 similes

170 2359 275 2420 hebeat
299 2359 417 2432 decem;
448 2364 479 2418 at
501 2364 538 2416 ut
559 2356 706 2430 Nestoris,
731 2357 810 2434 quod
833 2357 858 2414 si
880 2357 1028 2430 acciderit,
1054 2379 1122 2420 non

169 2502 220 2549 tion
230 2517 278 2548 wes
289 2500 452 2548 RAfrieanns
465 2496 586 2560 Μαι-(ο.
599 2499 623 2555 6,
688 2497 724 2543 Ae
739 2501 768 2544 ut
789 2497 921 2557 Nemesin]
958 2497 1015 2544 ‘At’
1038 2513 1120 2548 seems

168 2565 256 2628 notes).
292 2565 337 2610 His
357 2563 456 2610 father's
477 2562 554 2608 lether
575 2575 623 2608 was
655 2558 712 2606 here
732 2563 758 2606 to
779 2574 869 2620 oeoupy
890 2560 932 2606 the
950 2561 1017 2620 plsoe
1036 2563 1120 2610 which

169 2629 198 2675 L.
216 2627 338 2682 Aemilius,
356 2627 409 2673 who
425 2625 466 2672 fell
483 2629 508 2671 at
527 2624 623 2671 Cannae
656 2622 722 2670 ‘sed’
734 2623 812 2669 would
822 2637 919 2683 oceupy.
953 2625 1020 2672 Asin
1030 2624 1121 2672 Cicero

170 2689 261 2754 (0.20).
294 2690 346 2736 The
356 2689 400 2736 Cn.
410 2689 457 2734 end
467 2688 493 2734 P.
503 2687 623 2748 Scipiones
656 2683 735 2747 (Verr.
751 2686 775 2732 ii.
788 2685 883 2748 neu)
902 2686 948 2733 “O
964 2688 1121 2747 praeclarum

168 2751 466 2801 moenudedtoinaea.
655 2749 828 2809 imperatorem,
851 2763 895 2796 nec
913 2750 962 2809 jam
986 2765 1043 2798 cum
1069 2753 1120 2800 Μ’.

200 2817 276 2877 Apud
296 2812 490 2874 Xenophontem]
528 2809 622 2872 ‘Apud’
655 2811 759 2873 Aquilio,
772 2812 879 2859 sedvero
895 2827 948 2858 cum
961 2813 1051 2870 Paulis,
1066 2815 1121 2862 Sci.

169 2881 189 2927 is
200 2882 242 2926 the
252 2891 361 2924 common
371 2877 435 2923 word
452 2876 476 2922 in
492 2875 550 2921 such
561 2889 621 2922 ease.
655 2875 764 2935 pionibns
779 2875 971 2922 eonferendum.”
1004 2876 1058 2924 But
1076 2879 1122 2926 the

168 2943 220 2990 The
236 2956 333 3003 passage
350 2939 452 2986 referred
469 2943 494 2985 to
510 2939 571 2985 isin
581 2939 623 2985 the
654 2937 721 2998 place
731 2939 758 2984 of
772 2938 819 2984 ‘et'
831 2939 884 2986 isat
894 2939 936 2985 the
946 2939 1082 3001 beginning
1094 2942 1125 2989 of

168 3007 214 3054 laet
224 3005 287 3052 book
298 3005 325 3051 of
338 3004 379 3050 the
390 3001 543 3064 Cyropaedie.
654 3016 669 3048 a
686 3006 796 3048 sentence
818 3015 845 3048 or
867 3002 951 3050 clause.
986 3003 1123 3054 Foreellini

200 3067 363 3129 Requirent]
400 3071 406 3093 ‘
416 3065 463 3112 Did
471 3069 514 3112 not
524 3065 570 3112 feel
581 3064 623 3112 the
654 3064 720 3124 gives
729 3065 770 3112 the
780 3065 899 3125 following
909 3067 1018 3126 example
1029 3069 1059 3114 of
1070 3068 1121 3116 ‘at’

168 3130 281 3178 wantos!
315 3134 330 3158 ‘⁴
339 3130 420 3181 Quum
431 3129 493 3176 absit
502 3143 533 3175 ne
543 3129 622 3189 requi-
654 3128 712 3174 used
728 3128 775 3174 like
795 3128 859 3174 ‘sed'
873 3126 983 3190 (ciam
1000 3130 1058 3178 Au.
1077 3133 1122 3180 vii.

168 3193 223 3242 raa''
237 3192 286 3255 (De
297 3193 352 3239 Seu.
366 3192 415 3254 10).
655 3189 690 3250 6),
704 3191 784 3237 “Non
794 3196 838 3247 est,
850 3191 1124 3253 inquitinparietibus

204 3253 537 3316 10.Eeeja01··n9ua,ae.]
572 3255 622 3300 Τοῦ
654 3267 691 3300 res
707 3253 808 3314 publice,
827 3258 853 3300 at
869 3255 895 3301 in
911 3255 957 3302 nris
974 3261 999 3302 et
1019 3256 1122 3304 foeis=”

169 3321 210 3368 rol
233 3318 286 3365 ἀπὸ
309 3318 425 3380 γλώσσης
443 3315 543 3380 μέλιτος
560 3318 622 3378 phu·
653 3315 732 3362 where
750 3329 795 3362 one
813 3316 868 3364 MS.
885 3317 928 3364 hes
948 3318 1023 3366 ‘aad'
1068 3321 1126 3370 But

169 3384 229 3430 slew
240 3379 295 3444 ῥέεν
307 3379 380 3436 αὐδή.
414 3381 444 3428 11.
455 3380 471 3426 i.
484 3382 538 3428 249.
571 3379 623 3425 'l'he
653 3377 721 3424 there
737 3379 821 3425 should
840 3379 871 3426 be
888 3395 903 3426 a
919 3379 963 3428 full
980 3387 1037 3444 stop
1055 3385 1127 3434 nster

169 3441 622 3560 eueherentur
654 3457 979 3567 nans

386 3521 406 3554 rs
477 3537 483 3551 .
544 3537 550 3561 ‚
599 3535 605 3550 .
818 3536 825 3561 ‚
985 3521 1126 3562 scomma·
