2296 3752
215 199 516 260 EPISTOLARUM
535 200 655 260 LIBRI
674 199 774 260 DUO.
903 205 962 260 241

26 351 124 427 ridere,
143 357 211 412 tum
232 353 321 413 etiam
340 359 375 412 ut
395 361 464 414 ante
485 360 715 415 commentemur
734 357 812 414 inter
831 375 886 414 nos
906 375 962 434 qua

22 443 131 502 ratione
151 445 245 504 'nobis
272 445 482 505 traducendum
509 447 549 506 sit
576 449 631 505 hoc
657 452 782 524 tempus,
810 447 888 526 quod
914 453 961 506 est

22 538 115 592 toturn
143 535 183 593 ad
209 535 298 594 unius
324 537 505 595 voluntatem
531 537 812 612 accommodandum,
836 543 867 596 et
893 559 960 616 pru·

20 622 124 697 dentis,
145 631 177 684 et
200 625 335 700 liberalis,
355 631 395 698 et,
415 633 450 684 ut
473 628 654 706 perspexisse
673 627 779 698 videor,
799 647 854 686 nec
874 647 892 686 a
914 649 960 688 me

18 713 111 787 alieni,
126 721 159 774 et
173 716 229 774 tibi
242 717 414 776 amicissimi.
456 718 543 792 Quod
556 737 645 794 quum
658 717 701 776 ita
719 717 766 790 sit,
780 738 901 794 magnae
915 725 960 776 est

17 807 115 864 temen
143 805 360 865 deliberationis
380 827 453 884 quae
476 807 551 866 ratio
577 808 615 866 sit
635 808 763 866 ineunda
786 809 879 878 nobis,
899 828 960 866 nou

16 897 122 970 agendi
137 897 256 973 aliquid,
270 897 321 956 sed
333 897 412 956 illius
425 917 565 957 concessu
578 904 609 956 et
622 898 761 956 beneficio
775 897 948 975 quiescendi.

270 1069 316 1125 14.
339 1066 492 1125 emeno
515 1065 657 1126 CASSIO
679 1067 707 1125 S.

306 1182 377 1256 (111.
392 1185 419 1240 3.
460 1199 489 1240 s.
505 1199 535 1240 e.
553 1199 578 1240 o.
595 1181 677 1257 710.)

13 1293 118 1372 Auget
138 1302 212 1354 tuus
233 1295 342 1354 amicus
361 1296 489 1354 furorem
510 1296 542 1353 in
563 1295 642 1356 dies:
663 1295 788 1373 primum
808 1297 840 1355 in
860 1303 957 1357 statue

14 1404 100 1460 quam
110 1387 214 1466 posuit
224 1386 256 1443 in
265 1387 381 1444 Rostris
391 1385 540 1464 inscripsit
549 1404 686 1444 renasci
697 1404 815 1446 errius
825 1405 955 1461 munire,

12 1479 124 1536 utnon
138 1477 226 1535 modo
241 1476 335 1534 sicarii
357 1471 408 1534 affl
421 1477 482 1554 jam
496 1475 584 1534 etiem
600 1476 758 1554 parricidae
767 1478 937 1556 judicemini
949 1503 955 1549 ;

13 1565 83 1639 quid
108 1567 184 1638 dico,
202 1566 395 1644 judicemini?
425 1566 590 1644 judicemur
616 1566 734 1644 potius3
767 1567 857 1626 vestri
877 1568 955 1627 enim

11 1656 204 1728 pulcherrimi
223 1656 295 1714 facti
314 1657 363 1714 ille
382 1656 510 1722 furiosus
530 1676 575 1714 me
593 1656 753 1734 principem
772 1657 842 1716 dicit
855 1658 953 1718 fuisse.

12 1743 140 1806 Utinam
155 1746 272 1824 quidem
284 1745 421 1806 fuissem!
442 1746 581 1805 molestus
594 1746 679 1804 nobis
693 1767 754 1805 non
768 1754 854 1807 esset.
897 1750 955 1808 Sed

12 1833 66 1895 hoe
79 1843 212 1897 vestrum
227 1841 280 1908 est,
289 1837 366 1914 quod
379 1836 514 1914 quoniam
522 1837 681 1914 praeteriit,
695 1837 806 1897 utinam
819 1839 954 1898 haberem

12 1927 81 2000 quid
94 1927 180 1987 vobis
195 1927 292 1985 darem
305 1926 424 1990 consilii.
467 1926 523 1986 Sed
536 1947 574 1986 ne
588 1927 659 1987 mihi
677 1928 792 2007 quidem
805 1929 861 2009 ipsi
873 1951 952 2010 repe·

12 2015 54 2075 rio
77 2019 152 2097 quid
173 2017 337 2076 faciendum
359 2017 406 2076 sit.
449 2015 528 2090 Quid
542 2017 619 2078 enim
633 2024 678 2077 est
692 2021 769 2097 quod
782 2027 882 2080 contra
895 2023 953 2081 vim

12 2106 74 2168 sine
87 2109 119 2168 vi
132 2108 197 2167 fieri
210 2108 325 2186 possit?
341 2106 502 2166 Consilium
512 2128 597 2168 omne
605 2099 707 2169 autem*
717 2112 772 2168 hoc
783 2117 827 2168 est
838 2112 952 2171 illorum

12 2203 45 2254 ut
58 2204 187 2258 mortem
203 2199 333 2257 Caesaris
351 2205 572 2276 persequantur.
613 2201 718 2275 Itaque
732 2220 756 2258 a.
772 2200 799 2256 d.
813 2218 856 2260 vs.
872 2203 950 2263 Non.

13 2287 119 2348 Octob.
134 2289 296 2368 productus
312 2290 344 2346 in
362 2289 526 2348 contionem
546 2309 564 2346 a
584 2288 711 2346 (lenutio
724 2287 890 2364 turpissime
903 2291 951 2350 ille

12 2381 129 2456 quidem
151 2379 292 2451 discessit,
307 2379 358 2438 sed
377 2384 477 2438 tamen
497 2399 530 2438 ea
551 2377 623 2438 dixit
644 2377 679 2434 de
701 2380 950 2440 conservatoribus
1008 2394 1010 2398 ·

41 2547 86 2594 Ad
95 2547 180 2607 anias]
210 2545 268 2592 'l'his
278 2546 298 2592 is
309 2545 401 2593 Caesar.
427 2547 468 2594 Ha
498 2548 573 2606 party,
595 2542 642 2590 and
663 2539 781 2588 Antonius
805 2544 950 2592 entertained

11 2623 57 2657 was
69 2625 101 2657 on
112 2611 176 2670 good
187 2613 259 2656 terms
274 2611 330 2656 with
343 2610 466 2671 Sulpicius,
499 2609 592 2656 Cassius
603 2605 650 2652 and
661 2605 747 2652 others.

11 2674 64 2720 who
86 2673 193 2735 opposed
220 2672 257 2718 his
284 2673 410 2732 colleagua,
430 2673 466 2719 M.
529 2669 682 2730 Jads'cemar]
720 2668 802 2716 Cicero
824 2684 876 2731 says
897 2671 949 2718 that

12 2735 124 2784 Claudius
135 2735 264 2783 Marcellus
276 2735 335 2797 (nc.
346 2735 388 2798 51)
398 2736 467 2782 inhia
498 2735 529 2782 he
547 2735 567 2781 is
584 2733 684 2793 charged
700 2733 758 2780 with
775 2733 846 2794 being
864 2749 908 2782 one
925 2737 952 2782 ol

12 2805 125 2861 attempta
139 2805 165 2845 to
182 2798 276 2858 deprive
292 2799 378 2846 Caesar
389 2799 416 2845 of
429 2799 465 2846 his
496 2798 538 2844 the
559 2798 730 2857 conspiratores
742 2797 832 2856 though
854 2798 884 2844 he
901 2814 948 2846 was

12 2863 174 2910 sommendin
191 2861 273 2908 Gallia.
496 2865 547 2907 not.
581 2861 620 2907 Ha
630 2861 713 2907 wishes
721 2860 773 2907 that
783 2860 813 2906 he
824 2861 870 2908 had
878 2861 946 2918 been,

45 2929 81 2973 14.
93 2926 154 2972 This
160 2924 206 2969 and
213 2925 254 2969 the
260 2923 378 2982 following
385 2923 465 2968 letters
496 2923 533 2970 lor
549 2923 580 2970 he
597 2924 674 2970 would
691 2924 751 2970 have
768 2923 814 2969 had
830 2925 947 2974 Antonius

12 3002 71 3036 ware
82 2989 177 3035 written
185 2986 465 3033 afterthesssassinstion
496 2981 568 3032 killed
578 3001 604 3032 as
615 2987 667 3032 well
678 3001 703 3033 as
715 2987 808 3034 Caesar.

13 3053 37 3098 oi
46 3053 141 3107 Caesar,
153 3049 237 3096 March
251 3051 287 3096 15.
531 3050 656 3110 Canutius]
693 3049 745 3096 The
765 3050 873 3098 tribunus
895 3054 946 3114 ple.

45 3118 112 3162 Tuua
133 3112 235 3172 amicta]
278 3111 314 3158 M.
337 3111 463 3167 Antonius,
495 3111 531 3157 bis
551 3111 665 3159 Canutius
684 3113 780 3159 allowed
794 3113 947 3161 lumniosa>

13 3181 88 3226 whom
99 3178 129 3223 he
140 3175 261 3236 ironically
268 3175 324 3220 calls
334 3174 376 3219 the
387 3174 464 3220 friend
495 3173 589 3220 address
609 3175 650 3220 tha
668 3177 759 3235 people,
770 3177 815 3222 but
828 3176 946 3224 Antonius

13 3243 38 3288 of
52 3241 152 3288 Cassius.
172 3239 224 3284 The
235 3238 390 3296 conspirators
400 3242 464 3283 went
495 3251 560 3283 cama
578 3237 614 3282 off
631 3235 758 3301 (discessit)
779 3253 835 3299 very
855 3241 944 3301 poorly,

14 3319 44 3365 up
60 3310 85 3350 to
103 3304 144 3350 the
165 3301 252 3360 capitol
274 3301 334 3346 alter
355 3299 461 3346 Caesar's
492 3299 529 3345 sor
536 3299 650 3346 Canutius
663 3299 725 3360 (who
733 3316 780 3347 was
787 3301 814 3347 of
820 3301 860 3347 the
871 3315 944 3361 eppo·

15 3368 89 3423 death,
101 3365 145 3411 hut
155 3364 211 3422 they
222 3377 287 3408 came
300 3361 369 3406 down
380 3362 464 3407 astera
495 3362 539 3407 site
557 3361 654 3420 laedon)
671 3363 771 3421 plagued
788 3364 838 3408 him
855 3378 870 3408 a
885 3363 946 3421 good

15 3431 70 3477 kind
80 3427 107 3475 of
114 3425 286 3474 moonciliation
293 3423 349 3470 with
356 3423 463 3470 Caesar’s
495 3423 562 3477 desis
573 3426 614 3482 yet
621 3423 739 3470 Antenisu
747 3424 835 3470 abussd
843 3425 883 3470 the
890 3439 945 3472 eon.

729 3502 750 3542 R
