2372 3758
407 187 495 246 OAP.
516 187 586 247 XV.
606 187 693 247 xvl.
969 189 1027 249 10?

76 361 175 403 mores
188 361 273 401 veros
295 339 406 400 amicos
425 361 527 419 parare
547 361 609 400 non
628 346 799 419 potuerunt,
814 340 855 400 sie
868 343 1027 402 multorum

79 453 150 510 opes
175 431 418 510 praepotentium
445 431 604 489 excludunt
630 431 770 490 amicitias
797 431 905 490 fideles.
956 433 1027 494 Non

79 524 159 581 enim
172 524 267 581 colum
281 526 348 599 ipsa
361 521 479 578 fortuna
498 541 582 580 caece
602 526 656 593 eet,
671 522 722 580 sed
735 542 786 580 eoa
800 521 887 580 etiam
902 522 1027 600 plerum·

80 633 137 690 que
155 613 244 671 efficit
264 630 369 670 caecos
382 629 455 687 quos
474 611 623 688 complexa
643 617 698 670 est.
738 613 845 688 Itaque
864 613 1027 672 efferuntur

80 703 141 761 fere
164 703 283 761 fastidio
305 706 338 759 et
361 701 550 772 contumacia,
571 721 666 778 neque
690 702 846 779 quidquam
869 701 1026 780 insipiente

81 795 231 853 fortunato
250 792 466 852 intolerabilius
485 793 549 850 fieri
568 798 676 870 potest.
716 794 817 870 Atque
839 793 893 852 hoc
909 795 1026 871 quidem

1 871 4 882 ’
80 884 177 944 ridere
190 885 269 956 licet,
283 903 335 942 eoa
350 882 400 960 qui
413 887 500 940 antea
518 883 674 941 commodis
687 883 809 942 fuerunt
822 884 962 954 moribus,
973 884 1025 942 im·

81 975 168 1051 perio,
183 979 343 1051 potestate,
363 972 509 1049 prosperis
531 972 618 1030 rebus
635 972 795 1043 immutari,
814 973 913 1050 sperni
933 971 1025 1032 abiis

81 1069 193 1122 veteres
206 1064 359 1134 amicitias,
373 1062 518 1138 indulgeri
536 1062 628 1120 novis.
669 1066 717 1121 55.
740 1062 820 1136 Quid
839 1068 938 1121 autem
952 1062 1024 1124 etul-

81 1155 140 1212 tius
164 1173 260 1231 quam,
284 1172 377 1231 quum
399 1153 556 1228 plurimum
580 1152 678 1229 copiis,
700 1152 898 1224 facultatibus,
921 1152 1025 1230 opibus

81 1245 203 1320 possint,
211 1251 317 1302 cetera
338 1261 440 1319 parare
460 1262 533 1320 quae
554 1249 696 1319 parantur
714 1242 846 1320 pecunia,
867 1263 964 1320 equos,
983 1242 1024 1301 fa-

81 1334 182 1405 mulos,
192 1339 305 1392 vestem
320 1331 474 1408 egregiam,
485 1352 553 1389 vasa
566 1332 708 1408 pretiose;
722 1333 829 1391 amicos
843 1351 904 1391 non
913 1351 1023 1409 parare,

82 1423 219 1499 optimam
243 1429 275 1481 et
298 1421 522 1499 pulcherrimam
541 1422 626 1493 vitae,
646 1428 682 1480 ut
706 1422 750 1480 ita
769 1422 870 1495 dicem
886 1423 1023 1499 supellec·

81 1513 186 1572 tilam?
225 1513 347 1570 Etenim
361 1516 457 1570 cetera
470 1531 559 1589 quum
573 1517 685 1588 parent,
699 1511 746 1570 cui
759 1517 864 1589 parent
878 1513 1023 1585 nesciunt,

81 1623 133 1662 nec
146 1603 233 1681 eujus
246 1621 336 1660 causa
349 1601 498 1673 laborent;
517 1601 580 1679 ejus
601 1601 679 1660 enim
699 1607 746 1661 cst
759 1602 883 1660 istorum
897 1603 1024 1680 quidque

80 1693 129 1769 qui
141 1693 235 1752 vincit
247 1691 378 1750 viribus:
399 1690 589 1748 amicitiarum
611 1710 663 1750 sua
683 1691 787 1769 cuique
800 1697 951 1768 permanet
965 1686 1073 1752 sta-rt

80 1783 145 1841 bilis
159 1787 191 1842 et
204 1787 286 1841 certa
298 1780 452 1858 possessio,
462 1785 497 1838 ut
507 1780 595 1838 etiem
609 1781 634 1838 si
646 1781 696 1840 illa
708 1786 854 1853 maneant,
865 1801 938 1859 quae
953 1787 1023 1840 runt

80 1872 163 1948 quasi
184 1871 262 1930 done
281 1871 429 1941 fortunae,
452 1875 551 1928 tamen
575 1871 635 1929 vita
659 1871 772 1930 inculta
799 1877 829 1930 et
850 1872 965 1930 deserta
985 1872 1021 1930 ab

79 1961 178 2020 amicis
191 1981 254 2020 non
267 1958 361 2036 possit
374 1979 438 2016 esse
448 1959 587 2037 jucunda.
628 1960 684 2020 Sed
697 1961 768 2020 haec
782 1961 932 2049 hacthpq.

117 2051 207 2110 ΧΠ.
229 2053 278 2108 56.
301 2049 508 2146 constituendi
521 2053 591 2107 sunt
605 2055 702 2108 autem
713 2051 764 2128 qui
777 2051 836 2110 sint
849 2051 882 2109 in
895 2051 1022 2110 amicitia

109 2201 400 2262 Fortuna-immutet]
422 2202 482 2248 Man
492 2201 536 2248 hes
567 2203 655 2264 merely
664 2202 800 2250 unveilcd.'’
832 2203 884 2252 The
892 2219 983 2252 anewer
993 2206 1021 2261 is,

78 2267 165 2328 always
182 2266 245 2312 been
263 2266 305 2310 the
324 2279 395 2312 same.
430 2265 469 2310 He
482 2265 535 2312 who
566 2267 608 2311 the
625 2281 681 2312 men
698 2266 718 2312 is
736 2267 823 2327 merely
834 2267 958 2322 nnveiled3
975 2268 1021 2313 end

78 2332 136 2377 ricae
153 2334 181 2376 to
200 2328 286 2375 wealth
303 2327 351 2373 and
361 2341 438 2387 power
449 2326 536 2386 forgete
566 2328 635 2374 when
655 2343 711 2374 men
737 2343 777 2374 are
804 2329 909 2390 stripped
934 2329 1020 2386 nahed,

78 2391 352 2440 hissormeraesociates.
385 2390 536 2436 Wealthand
567 2393 757 2437 scinearemore
772 2391 880 2438 soulend
895 2391 1021 2452 uglythan

78 2470 158 2516 power
169 2454 239 2512 bring
254 2453 406 2512 temptatione
417 2452 494 2498 which
504 2466 536 2498 no
567 2453 653 2500 others.
676 2453 788 2500 Aristotle
799 2454 841 2500 hae
852 2454 964 2515 analyzed
974 2455 1021 2500 this

78 2532 190 2564 mancan
201 2515 333 2574 altogether
343 2515 427 2568 resist;
444 2515 536 2574 though
567 2520 654 2562 matter
675 2516 700 2561 in
720 2516 756 2562 his
778 2517 899 2575 searching
919 2531 970 2577 way
996 2532 1022 2563 es

78 2578 390 2628 aomamorethanothere.
414 2577 536 2623 Prideand
567 2579 642 2624 usual.
677 2578 841 2636 Rhctii.16;
858 2579 1021 2626 EthNicom.

77 2656 207 2703 arrogance
227 2655 268 2687 are
288 2641 351 2686 their
373 2639 466 2686 natural
491 2639 535 2685 off·
567 2641 598 2686 iv.
610 2643 633 2687 8.
1012 2695 1015 2698 Ι

78 2701 535 2765 rpriug,thatis,itisccusormableto
598 2702 719 2762 sternat]
759 2703 871 2750 ‘Fuerint
879 2701 894 2749 τ’
912 2701 1021 2764 Seyffert.

78 2765 536 2821 humannatureitisalawot'hnman
566 2763 613 2810 We
638 2779 691 2824 may
713 2779 754 2824 say
778 2766 859 2812 either.
904 2765 917 2812 I
944 2767 1022 2825 preter

78 2835 164 2877 nature
174 2829 228 2876 that
239 2842 317 2888 power
332 2827 379 2873 aad
394 2827 479 2872 wealth
489 2827 537 2874 will
568 2826 696 2882 ‘fuerunt'
715 2827 756 2874 the
774 2827 905 2884 indicative,
922 2826 1022 2874 because

78 2897 175 2953 corrupt
193 2905 209 2938 a
225 2906 288 2945 man,
305 2889 402 2936 ifthair
419 2889 536 2936 influence
568 2889 823 2950 IsupposeCiceroto
843 2889 926 2937 intend
943 2895 1022 2952 tosay

78 2957 98 3002 ia
116 2959 162 3002 not
183 2954 294 3010 checked‚
311 2953 348 2998 for
363 2952 384 2998 it
399 2958 486 2998 cannot
506 2951 537 2998 be
567 2953 631 2999 what
641 2952 683 2998 the
693 2952 818 2998 indicative
828 2966 957 3013 expresses.

78 3016 212 3078 deshoyed.
247 3015 366 3069 Plutarch,
384 3014 411 3060 in
427 3014 465 3060 his
484 3013 537 3062 Life
600 3015 860 3075 Pancharianam]
881 3015 1021 3071 ‘Parantur,

78 3081 105 3128 of
114 3081 189 3136 Sulla,
200 3094 220 3126 c.
232 3081 272 3136 ³⁰,
283 3083 356 3124 starts
365 3076 407 3122 the
418 3075 534 3137 question,
567 3075 743 3137 culparentur?
756 3077 1021 3136 Seyffert-‘ricimiri-

81 3143 210 3190 “whether
228 3143 323 3188 fortune
338 3139 411 3200 really
422 3139 535 3199 produces
567 3139 635 3186 bus:'
653 3138 723 3198 Seyff.

79 3220 109 3256 en
119 3205 242 3254 alteration
253 3204 301 3251 and
310 3202 454 3262 changeine
461 3200 537 3248 man’a
602 3203 640 3247 16.
660 3199 823 3248 Constituenda'
831 3202 887 3246 eunt
894 3203 973 3246 antem
981 3201 1022 3260 qai

80 3269 172 3316 natural
193 3267 342 3329 disposition,
370 3278 398 3310 or
423 3263 535 3320 whether,
567 3263 628 3322 etat]
663 3262 733 3310 “We
750 3267 814 3308 must
831 3261 1022 3306 nowdetermine

80 3331 147 3378 when
166 3331 196 3379 he
216 3337 270 3392 gata
288 3336 315 3376 to
330 3341 417 3389 power,
435 3324 473 3372 hia
489 3325 537 3372 bad
568 3323 610 3370 the
621 3324 694 3368 limite
705 3325 731 3368 of
744 3320 900 3380 friendship‚”
920 3325 963 3365 &c
997 3321 1022 3365 lt

80 3394 187 3456 qualitie
212 3393 320 3442 hitherto
347 3387 472 3436 concealed
497 3401 537 3434 are
568 3383 848 3432 indifficulttoaeehow
858 3382 926 3426 those
936 3379 1022 3424 under-
