2372 3758
268 261 269 269 x
306 209 368 268 nn
390 208 594 284 ournrun
613 207 823 266 rnnrnnn.
977 209 1034 266 1eo

91 365 231 426 faciendis
245 385 308 424 non
326 365 422 442 legem
440 370 571 442 spectare
590 362 750 422 censoriam
772 362 823 422 sed
841 361 940 440 potius
960 381 1035 422 com·

92 458 265 516 moditatem
285 449 458 514 conficiendi
476 453 588 531 negotii
608 459 639 512 et
658 453 859 512 liberationem
877 453 1035 513 molestius.

93 549 182 608 Potes
196 547 288 606 etiem
308 551 346 604 tu
364 545 395 603 id
413 545 508 604 fecere
521 545 599 623 qnod
616 550 647 602 et
664 543 761 602 fecisti
779 543 893 620 egregie
910 549 940 602 et
956 543 1036 616 fucis,

92 641 127 696 ut
140 655 352 697 commemores
362 639 470 712 qusnts
484 635 523 693 sit
532 635 564 692 in
574 633 736 712 publicanis
748 632 882 710 dignitas,
894 639 1036 710 quantum

93 747 146 786 nos
156 727 200 785 illi
211 725 309 786 ordini
319 725 483 797 debeamus,
491 728 526 782 ut
536 729 648 783 remoto
659 723 779 802 imperio
793 743 827 782 oc
839 724 868 782 vi
881 724 1036 802 potestatis

93 823 124 876 et
142 817 269 876 fascium
289 815 459 893 publicanos
487 835 553 874 cum
575 813 694 873 Graecis
718 813 811 888 grstia
831 819 918 892 etque
938 820 1036 874 aucto·

93 908 181 966 ritate
199 906 371 984 conjunges.
413 905 513 964 Sedet
531 904 617 964 abiis
632 904 786 981 dequibus
805 905 914 982 optime
929 910 965 964 tu
977 926 1036 965 me·

93 999 168 1056 ritus
187 1017 220 1055 es
239 995 336 1072 etqui
353 994 409 1052 tibi
427 995 523 1053 omnio
541 995 648 1054 debent
668 994 723 1052 hoc
743 997 835 1071 petes,
849 1001 884 1052 ut
897 996 1036 1056 facilitate

94 1107 147 1146 sus
158 1106 214 1145 nos
228 1106 292 1145 eam
306 1084 551 1143 necessitudinem
561 1104 634 1163 quse
648 1090 694 1142 est
702 1084 786 1142 nobis
798 1105 865 1143 cum
873 1086 1036 1163 publicanis

94 1177 228 1236 obtinere
249 1181 282 1234 et
303 1194 472 1234 conservare
492 1175 651 1252 patientur.
693 1179 740 1234 36.
763 1175 820 1233 Sed
840 1175 910 1252 quid
929 1195 982 1252 ego
1004 1182 1036 1235 te

94 1267 164 1326 hoec
183 1267 295 1337 hortor,
310 1285 384 1342 quae
403 1269 439 1322 tu
457 1285 518 1324 non
536 1265 622 1324 modo
642 1265 736 1324 facere
756 1270 841 1344 potes
860 1271 913 1324 tus
931 1273 1036 1344 sponte

94 1358 157 1418 sine
170 1357 345 1436 cujusquam
358 1355 527 1433 praeceptis,
542 1355 594 1414 sed
613 1355 700 1414 etiem
714 1376 819 1433 magns
828 1356 890 1434 jem
903 1377 938 1415 ex
951 1363 1035 1435 perte

92 1447 268 1525 perfecisti?
309 1445 383 1504 Non
408 1445 486 1504 enim
513 1445 660 1504 desistunt
686 1446 771 1504 nobis
797 1465 882 1522 cgere
906 1447 1035 1524 quotidie

92 1538 203 1615 gratiss
217 1535 439 1594 honestissimae
452 1540 483 1593 et
496 1535 636 1594 maximae
652 1535 814 1607 societates,
829 1536 906 1615 quod
919 1537 1035 1614 quidem

92 1628 166 1686 mihi
187 1627 297 1686 idcirco
318 1625 479 1703 jucundius
503 1631 556 1698 est,
580 1627 657 1704 quod
679 1626 757 1684 idem
783 1627 895 1685 faciunt
921 1628 1033 1687 Graeci.

93 1718 221 1776 Difficile
240 1722 288 1775 est
307 1721 406 1774 autem
428 1735 461 1774 ea
475 1736 548 1794 quse
564 1717 730 1789 commodis,
743 1717 872 1776 utilitate
894 1723 924 1777 et
944 1738 1035 1798 prope

93 1814 201 1867 nature
214 1807 329 1866 diverso
343 1811 420 1879 sunt,
431 1807 581 1866 voluntate
594 1808 778 1886 conjungere.
806 1809 850 1866 At
863 1827 897 1867 ea
910 1808 1033 1885 quidem,

94 1917 168 1976 quse
187 1917 276 1974 supra
300 1895 408 1972 scripte
428 1903 505 1968 sunt,
527 1917 588 1956 non
607 1903 642 1956 ut
665 1903 696 1956 te
716 1897 902 1956 instituerem
923 1899 1032 1976 scripsi,

93 2007 189 2066 neque
202 1987 281 2046 enim
294 1985 450 2064 prudentia
463 1993 515 2044 tue
530 1987 700 2065 cujusquam
713 1992 868 2064 praecepta
881 1987 1033 2062 desiderat,

95 2079 146 2137 sed
158 2097 206 2136 me
218 2077 252 2136 in
268 2076 420 2136 scribendo
441 2077 674 2136 commemoratio
693 2082 762 2136 tuae
774 2076 892 2136 virtutis
911 2077 1033 2138 delecta·

94 2168 153 2226 vit:
174 2187 350 2246 quemquam
363 2166 395 2224 in
407 2167 452 2225 his
465 2166 572 2225 litteris
585 2167 699 2244 longior
711 2167 755 2226 fui
768 2187 854 2245 quam
867 2173 919 2226 cut
931 2169 1033 2228 vellem

95 2263 148 2316 sut
160 2278 247 2335 quem
260 2277 308 2316 me
320 2257 422 2332 putavi
435 2257 506 2315 fore.

134 2348 229 2406 XIII.
250 2345 299 2406 37.
322 2347 424 2404 Unum
451 2351 497 2404 est
521 2346 598 2424 quod
624 2347 681 2406 tibi
706 2366 760 2424 ego
783 2346 947 2427 praecipere
973 2369 1034 2408 non

96 2487 167 2533 much
177 2485 270 2532 trouble
278 2484 351 2532 about
361 2485 402 2532 the
412 2489 491 2532 taxes:
508 2485 550 2532 the
580 2486 628 2546 ing.
673 2486 698 2532 It
718 2501 792 2533 seems
812 2486 865 2534 that
886 2486 967 2534 Cicero
986 2488 1033 2534 hed

95 2549 221 2612 publicani,
237 2563 286 2610 yon
302 2552 366 2595 must
381 2549 423 2594 tell
438 2549 479 2594 the
493 2563 549 2609 peo-
581 2549 659 2596 solved
685 2549 726 2595 the
752 2549 849 2596 difficult
877 2551 982 2611 problem
1009 2551 1037 2598 of

95 2613 263 2673 plemeyonr
272 2611 318 2657 end
329 2626 369 2672 my
376 2611 438 2671 good
447 2611 549 2668 friends;
580 2612 685 2672 plessing
710 2611 769 2658 both
796 2613 837 2659 the
861 2614 1033 2660 tax-collectore

95 2691 130 2722 wc
150 2675 209 2722 wish
230 2679 256 2720 to
280 2673 357 2733 obligo
383 2674 462 2720 them:
489 2674 550 2734 good
581 2675 628 2720 and
639 2674 680 2720 the
691 2678 832 2735 tnxpsyers
844 2675 885 2722 the
896 2675 985 2722 Graeci.
1003 2677 1033 2724 In

95 2739 179 2800 people
200 2737 228 2784 of
245 2737 310 2788 Asis.
331 2751 366 2782 we
387 2741 477 2783 entreet
493 2751 549 2797 yon,
581 2737 622 2784 the
638 2742 695 2782 next
710 2741 819 2783 sentence
830 2737 860 2784 he
873 2753 932 2798 says,
945 2743 960 2766 ‘⁸
969 2740 1033 2786 how-

96 2817 150 2911 pnylt
165 2799 455 2909 ppugetllymandstepuickly,
471 2798 551 2908 'dffil
582 2814 643 2908 ever}
659 2800 713 2908 itmpp
730 2799 940 2909 prl'nliiculttohiupite
950 2802 1034 2911 intpeul

96 2880 172 2974 Imend
192 2878 237 2986 myl
249 2876 347 2970 britia
362 2877 495 2972 mioffiulli
507 2896 548 2971 bel
580 2877 698 2981 liltoerests,
717 2877 865 2984 sdvsirgtsegils,
880 2879 1034 2974 indmalnlil

13 3016 16 3027 ·
96 2989 182 3036 holden
203 2993 230 3035 to
249 2987 317 3034 these
337 2987 471 3046 gentlcmen
497 2992 549 3034 tex-
581 2988 606 3034 in
622 2988 683 3034 their
694 3002 749 3048 very
760 2996 850 3044 nature,
867 3003 906 3034 ure
919 2989 1032 3037 diverse.''

96 3053 226 3107 collectore,
247 3049 295 3097 ond
315 3064 351 3096 we
366 3050 451 3106 would,
472 3050 494 3096 if
516 3065 552 3096 wc
583 3051 617 3097 As
630 3055 644 3078 “
654 3049 767 3106 diversc,”
777 3065 830 3111 ssys
840 3050 972 3108 Manutius,
984 3057 999 3080 ¹⁴
1008 3067 1034 3098 ss

96 3115 173 3172 could,
184 3115 245 3175 keep
256 3127 288 3159 on
299 3111 485 3159 thebestterms
494 3113 551 3159 with
582 3115 625 3160 lire
641 3113 688 3159 and
706 3117 784 3169 water,
804 3114 899 3160 arethe
916 3114 1034 3175 publicani

95 3176 237 3226 them-As
258 3180 283 3222 to
312 3173 378 3220 these
401 3175 550 3236 ‘pactiones'
582 3175 774 3222 sndthesocii.''
807 3176 861 3222 One
877 3176 1035 3224 setisnllfor

95 3238 418 3294 soeverr.ii.3,c.14‚s7.
581 3239 711 3298 receiving;
735 3240 777 3284 the
799 3239 867 3286 other
888 3240 921 3286 all
938 3239 974 3285 for
992 3240 1035 3284 not

128 3301 281 3361 Societatem
316 3299 393 3346 These
408 3315 448 3346 ure
462 3300 550 3346 thess·
582 3301 675 3362 psying.

95 3367 220 3414 macons
230 3363 259 3410 oi
266 3361 392 3424 publicent,
409 3363 502 3408 menos
510 3363 551 3408 the
613 3362 777 3420 Imllluerem]
799 3361 842 3405 See
850 3361 888 3405 Dc
899 3359 953 3403 Son.
965 3372 985 3402 c.
996 3359 1032 3404 14.

95 3427 192 3477 danos
205 3427 285 3475 whom
298 3423 550 3484 hehssbesnspeuk-
618 3421 720 3482 Vellem]
756 3420 913 3468 SeeDeSen.
926 3431 945 3462 c.
959 3419 996 3463 10.
