2372 3758
436 181 524 240 UAP.
545 181 616 240 XX.
637 179 727 239 XXI.
983 183 1040 238 119

137 333 228 394 XXI.
249 336 306 394 Est
320 334 409 392 etiam
423 334 561 411 quaedam
579 335 726 393 calamitas
744 334 776 392 in
798 332 931 392 amicitiis
946 332 1041 392 dimit·

97 425 196 482 tendis
219 443 432 500 nonnunquam
452 423 631 495 necessaria;
651 424 711 502 jam
732 424 809 482 enim
830 443 846 481 a
867 423 1041 500 sapientium

97 512 345 572 familiaritatibus
359 512 396 570 ad
408 513 541 589 vulgares
554 513 696 571 amicitias
716 512 808 571 oratio
819 518 921 571 nostra
935 513 1040 571 delabi·

98 607 157 660 tur.
191 602 363 679 Erumpunt
374 621 459 679 saepe
468 601 540 660 vitia
552 601 708 661 amicorum
719 607 784 660 tum
797 599 828 659 in
841 602 920 678 ipsos
934 599 1040 662 amicos

98 696 163 749 tum
176 691 209 749 in
222 689 341 763 alienos,
350 710 473 768 quorum
482 697 582 750 tamen
592 691 629 749 ad
638 691 745 750 amicos
758 691 902 750 redundet
912 692 1038 752 infamia

99 781 183 839 Tales
195 781 287 856 igitur
300 780 443 838 amicitiae
466 785 536 838 sunt
555 780 723 838 remissione
742 799 814 839 usus
835 781 983 852 eluendae,
998 787 1037 853 et,

2 879 6 895 ⁹
98 875 133 928 ut
158 871 300 928 Catonem
325 869 421 927 dicere
443 869 548 942 audivi,
570 869 852 946 dissuendaemagis
876 891 962 948 quam
982 870 1037 929 dis·

98 959 276 1029 cindendae;
302 958 362 1016 nisi
381 959 519 1035 quaedam
539 959 694 1017 admodum
717 959 906 1018 intolerabilis
932 959 1039 1037 injuria

97 1048 245 1118 exarserit,
258 1053 294 1106 at
314 1067 410 1124 neque
431 1053 543 1106 rectum
565 1067 661 1124 neque
680 1049 835 1106 honestum
856 1049 895 1107 sit
907 1069 962 1107 neo
975 1049 1039 1107 fieri

97 1137 190 1214 possit
203 1142 314 1196 utnon
335 1137 436 1195 statim
455 1137 592 1195 alienatio
613 1138 824 1216 disjunctioque
845 1138 978 1197 facienda
990 1139 1037 1198 sit.

97 1225 144 1284 77.
167 1225 221 1283 sin
242 1231 343 1284 autem
365 1231 418 1283 aut
443 1247 557 1284 morum
580 1231 632 1284 aut
659 1227 822 1286 studiorum
848 1228 1038 1288 commutatio

96 1315 247 1398 quaedam,
260 1321 296 1373 ut
308 1315 374 1374 fieri
386 1315 469 1387 solet,
482 1316 560 1374 facta
580 1317 644 1388 erit,
659 1322 711 1376 aut
727 1317 760 1375 in
773 1317 816 1376 rei
829 1318 960 1394 publicae
972 1337 1037 1394 par-

95 1405 178 1463 tibus
198 1404 342 1464 dissensio
361 1405 567 1477 intercesserit,
581 1406 684 1483 loquor
701 1406 779 1465 enim
796 1407 865 1485 jam,
884 1412 920 1465 ut
940 1407 1037 1483 paullo

95 1500 166 1552 ante
180 1494 248 1566 dixi,
259 1513 320 1553 non
334 1494 371 1552 de
384 1494 558 1572 sapientium
572 1495 623 1553 sed
633 1495 668 1554 de
678 1497 878 1554 communibus
892 1496 1036 1570 amicitiis,

95 1583 256 1642 cavendum
270 1583 377 1642 eritne
390 1603 450 1641 non
463 1585 556 1642 solum
569 1585 712 1666 amicitiae
723 1586 871 1662 depositae
884 1585 936 1644 sed
949 1585 1037 1645 etiam

95 1673 265 1731 inimicitiae
279 1678 430 1750 susceptae
439 1673 601 1732 videanttu.
631 1674 716 1732 Nihil
729 1675 806 1733 enim
819 1675 937 1756 turpius
951 1694 1037 1752 quam

95 1783 163 1820 cum
187 1781 223 1820 ao
246 1762 355 1821 bellum
379 1781 478 1838 gerere
499 1763 614 1839 quicum
635 1763 815 1822 familiariter
833 1765 947 1824 vixeris.
988 1765 1036 1824 Ab

95 1851 224 1910 amicitia
237 1851 274 1925 Q.
290 1851 421 1928 Pompeii
440 1871 504 1910 meo
520 1853 636 1911 nomine
657 1873 688 1912 se
704 1851 928 1926 removeratsut
947 1855 1036 1927 scitis,

96 1941 210 2018 Scipio;
242 1946 363 2019 propter
390 1941 597 2000 dissensionem
624 1948 730 2014 autem,
757 1963 831 2020 quae
858 1949 923 2002 erat
946 1943 978 2002 in
1004 1964 1036 2004 re

95 2031 220 2109 publica,
231 2031 375 2090 alienatus
388 2036 433 2090 est
447 2051 463 2090 a
477 2032 586 2109 collega
594 2037 696 2093 nostro
706 2033 838 2092 Metelle.
868 2035 1037 2112 Utrumque

128 2195 169 2239 21.
186 2193 325 2253 Roduadd]
339 2191 554 2240 SomaldSShsve
617 2193 747 2240 ‘infamia'
763 2208 844 2241 means
860 2195 995 2255 ‘disgmoa'
1010 2211 1037 2243 cr

97 2253 252 2311 ‘redundat3'
272 2254 317 2302 hut
337 2254 419 2301 Cicero
437 2255 493 2302 dces
510 2259 553 2301 not
586 2255 695 2312 ‘blame,'
716 2257 763 2302 and
784 2257 805 2302 is
825 2261 869 2303 not
886 2258 943 2304 used
962 2258 987 2303 in
1005 2259 1037 2306 its

96 2317 197 2378 direetly
204 2332 246 2378 say
253 2317 334 2364 thatit
344 2320 351 2344 ⁴
360 2317 417 2363 does
424 2317 529 2364 redonnd
537 2317 552 2374 ι’
583 2319 699 2364 technical
709 2319 756 2364 and
767 2319 870 2379 politieal
880 2333 955 2364 sensa.

96 2381 128 2426 ha
139 2394 194 2439 says
205 2381 258 2425 that
269 2383 284 2408 ‘¹
293 2379 469 2426 messoriaults
480 2380 553 2426 break
615 2381 792 2442 Reipublicae]
833 2381 858 2427 lt
875 2381 896 2427 ia
914 2380 991 2426 better
1011 2385 1037 2427 tc

96 2447 140 2488 out
151 2441 210 2488 both
217 2442 310 2501 against
317 2442 405 2488 friends
413 2442 553 2490 themselves
583 2444 650 2490 write
666 2444 734 2490 these
751 2443 827 2489 words
842 2457 869 2488 as
886 2447 933 2487 two
952 2443 1035 2499 words,

97 2504 211 2550 andalao
226 2505 321 2563 against
335 2507 512 2565 strangexs,yet
527 2505 553 2550 in
583 2505 660 2552 which
675 2506 733 2566 they
742 2519 789 2552 ara.
823 2504 1037 2564 ‘Respublica'is

97 2567 156 2612 such
175 2566 230 2612 vise
250 2567 304 2612 that
320 2566 363 2612 tha
379 2567 483 2626 disgraoa
499 2566 553 2614 falls
584 2567 1035 2628 conmanyopposedto‘resprivsta'

97 2629 159 2674 back
177 2643 210 2674 on
228 2629 270 2675 the
285 2628 398 2675 rameal’
431 2629 553 2679 ‘Quorum
584 2630 1037 2690 Theraarealsotheexpressions‘res

97 2690 205 2738 infamia'
228 2692 284 2751 only
304 2691 377 2737 refers
398 2695 424 2737 to
444 2694 512 2737 ‘tum
527 2692 553 2737 in
585 2692 709 2749 Romana’
729 2692 776 2738 and
794 2707 865 2753 many
884 2693 971 2739 others.
1004 2692 1038 2740 at

97 2753 204 2800 alienos!
238 2753 263 2800 It
278 2754 299 2799 is
314 2754 357 2800 the
372 2753 439 2799 usual
455 2753 556 2800 formos
584 2755 626 2801 the
652 2754 780 2814 beginning
806 2755 833 2801 of
860 2755 902 2802 the
928 2760 1038 2804 sentence

98 2815 202 2863 Cicero's
219 2820 330 2862 ceumaco
340 2815 408 2861 when
427 2816 457 2860 he
473 2816 553 2862 makes
585 2817 659 2864 Orelli
677 2817 720 2863 has
738 2821 753 2844 “
763 2817 805 2863 Sin
823 2822 903 2864 autem
918 2817 1037 2876 morum,’'

97 2894 143 2925 one
159 2879 297 2925 affirmative
313 2878 497 2938 emphaticam
512 2877 554 2924 the
584 2879 630 2926 hut
656 2879 697 2926 the
725 2879 796 2926 MSS.
822 2881 941 2942 authority
965 2883 985 2929 ia
1012 2883 1038 2929 in

98 2943 167 2988 other
183 2941 341 2988 subordinate.
375 2939 495 3000 Seyffert’s
513 2954 554 2986 ex·
585 2943 667 2988 brana
683 2941 711 2987 of
727 2943 907 3000 ‘trutinarum’
926 2945 1038 2992 andnim

98 3005 218 3064 placatior
229 3003 249 3049 is
260 3003 322 3050 this:
339 3001 401 3050 That
411 3003 452 3050 the
462 3017 554 3063 wrong-
585 3005 628 3050 the
638 3005 748 3064 meaning
758 3003 785 3050 oi
792 3005 833 3051 the
844 3020 948 3066 passage.

98 3067 201 3114 fuldeed
217 3067 237 3113 is
254 3065 443 3112 intendedtobe
459 3066 555 3112 marked
621 3068 649 3122 Q.
661 3067 782 3126 Pompeii]
808 3067 975 3129 apompeius
988 3068 1038 3116 Ne·

99 3130 181 3189 hythe
197 3129 348 3189 subjunctive
365 3127 511 3183 ‘redundet'
528 3143 554 3174 as
585 3143 637 3190 pos,
658 3129 712 3175 who
732 3143 779 3174 was
803 3132 884 3176 consul
915 3145 963 3178 sac.
986 3132 1038 3177 141.

98 3207 143 3239 oue
161 3191 338 3239 tha-‘infamia'
355 3191 383 3237 oi
399 3192 474 3238 which
491 3196 555 3238 must
586 3191 698 3238 Metellus
714 3191 735 3238 is
752 3192 783 3242 Q.
797 3191 910 3239 Caecilius
928 3193 1039 3239 Metellus

97 3255 237 3315 twenty
248 3254 290 3301 fall
305 3253 367 3300 back
382 3268 445 3314 upon
459 3253 554 3300 friends.
586 3254 760 3306 Macedonicas,
775 3254 828 3301 who
844 3269 891 3300 was
909 3269 939 3300 an
956 3268 1039 3312 augur,

98 3317 557 3366 Thinisadiffereutviewoithemat·
588 3315 978 3375 andsoaoolleagueofhaeliua
993 3313 1040 3360 and

98 3385 142 3438 ter,
149 3381 192 3429 hut
198 3386 243 3428 not
253 3380 297 3426 tha
306 3384 359 3425 true
367 3392 419 3434 one,
426 3393 451 3424 as
460 3379 471 3424 1
480 3378 556 3424 think.
590 3378 677 3437 Scipio.
