2362 3756
482 181 569 241 eAP.
590 183 660 242 XV.
996 185 1037 244 48

87 339 186 394 terrae
200 340 233 394 et
246 337 340 395 calore
362 335 435 395 solis
454 356 614 412 augescens
630 337 724 416 primo
742 341 789 396 est
801 335 956 415 peracerba
969 357 1036 414 gus-

88 429 166 496 tatu,
181 425 287 482 deinde
307 431 456 484 maturata
474 426 621 500 didcescit,
635 428 798 504 vestitaque
818 427 960 505 pampinis
981 446 1036 488 nee

88 516 204 574 modico
218 521 320 592 tepore
333 521 416 576 caret
428 521 459 573 et
468 516 573 576 nimios
587 518 655 576 solis
669 517 800 576 defendit
813 517 937 578 ardores.
969 517 1036 591 Qua

89 605 162 680 quid
181 611 282 682 potest
305 625 371 664 esse
392 610 459 664 tum
481 606 581 666 fructu
600 607 705 666 laetius
724 613 790 666 tum
811 607 950 685 adspectu
971 608 1035 686 pul·

89 695 214 752 obrius?
236 713 238 718 ·
256 695 350 773 Cujus
372 695 490 771 quidem
508 715 570 756 non
589 697 702 756 utilitas
724 717 772 756 me
796 697 897 770 solum,
910 702 946 756 ut
965 704 1036 759 ante

90 784 159 855 dixi,
173 785 227 844 sed
240 785 329 844 etiam
344 785 462 844 cultura
475 789 506 842 et
517 785 582 864 ipsa
594 793 701 846 natura
714 787 857 846 delectat:
878 787 1034 847 adminicu-

89 876 184 934 lorum
211 876 338 947 ordines,
363 875 493 952 capitum
510 877 633 954 jugatio,
655 877 788 954 religatio
811 882 842 936 et
866 878 1034 956 propagatio

89 965 204 1037 uitium,
219 971 493 1042 sarmentorumque
513 986 548 1026 ea
560 986 646 1043 quam
659 967 719 1026 dixi
732 968 850 1026 aliorum
873 968 1034 1045 amputatio

90 1055 212 1114 aliorum
230 1055 384 1114 immissio.
426 1056 505 1130 Quid
525 1075 579 1133 ego
598 1057 790 1135 irrigationes,
804 1058 873 1136 quid
891 1059 1033 1118 fossiones

90 1147 153 1223 agri
174 1147 480 1224 repastinationesque
501 1147 644 1225 proferam
663 1149 769 1226 quibus
788 1149 823 1208 fit
841 1149 935 1208 multo
954 1155 1034 1208 terra

90 1236 265 1296 fecundior?
317 1241 367 1296 54.
391 1237 471 1311 Quid
494 1237 530 1296 de
554 1239 684 1298 utilitate
705 1239 808 1317 loquar
830 1239 1033 1300 stercorandi?

91 1327 149 1386 dixi
170 1329 204 1386 in
226 1347 262 1388 eo
283 1329 361 1386 libro
381 1347 466 1404 quem
486 1327 523 1386 de
542 1329 629 1388 rebus
648 1329 766 1388 rusticis
790 1330 899 1408 scripsi,
921 1329 956 1388 de
977 1349 1034 1407 qua

91 1418 192 1478 doctus
207 1419 361 1478 Hesiodus
375 1437 413 1478 ue
426 1417 545 1477 verbum
555 1419 672 1496 quidem
683 1419 755 1482 fecit
768 1440 857 1498 quum
871 1421 907 1480 de
918 1420 1033 1481 cultura

90 1509 149 1586 agri
170 1510 333 1568 scriberet:
354 1513 386 1566 at
404 1509 561 1580 Homerus,
576 1509 626 1586 qui
645 1510 754 1582 multis,
768 1515 804 1568 ut
823 1510 896 1570 mihi
907 1509 1032 1584 vidsan,

89 1604 156 1658 ante
180 1599 287 1658 seculis
310 1597 379 1669 fuit,
403 1597 539 1656 Laertem
562 1599 721 1658 lenientem
747 1599 930 1672 desiderium,
954 1599 1033 1678 quod

89 1689 221 1766 capiebat
244 1709 262 1748 e
285 1688 356 1759 filio,
381 1687 525 1748 colentem
547 1708 650 1766 agrum
676 1695 707 1748 et
732 1710 800 1750 eum
823 1695 1032 1750 stercorantem

86 1778 164 1840 facit.
207 1780 275 1838 Nec
295 1797 366 1837 vero
390 1778 537 1853 segetibus
562 1779 655 1838 solum
679 1785 710 1838 et
731 1779 823 1857 pratis
843 1785 874 1840 et
887 1779 979 1840 vineis
1000 1786 1032 1840 et

86 1871 215 1930 arbustis
235 1889 285 1928 res
305 1867 433 1928 rusticae
454 1868 547 1928 laetae
569 1875 648 1942 sunt,
663 1871 714 1930 sed
729 1870 818 1930 etiam
830 1869 924 1930 bortis
937 1875 969 1928 et
980 1891 1032 1950 po-

86 1962 202 2032 mariis3
228 1967 297 2020 tum
316 1958 462 2036 pecudum
482 1965 578 2037 pastu,
600 1960 698 2038 apium
718 1961 907 2032 examinibus,
927 1961 1032 2020 florum

86 2052 218 2110 omniurn
231 2050 383 2108 varietate.
423 2049 488 2108 Nec
510 2049 686 2108 consitiones
708 2051 793 2110 modo
814 2051 962 2110 delectant
980 2051 1032 2112 sed

87 2142 174 2201 etiam
184 2141 352 2210 insitiones,
361 2138 466 2216 quibus
475 2139 550 2198 nibil
559 2140 671 2200 invenit
681 2141 859 2218 agricultura
870 2140 1026 2202 collectim.

121 2344 235 2404 (lapidum
248 2341 368 2402 jugalia]
402 2340 477 2388 Varro
495 2339 545 2403 (De
576 2355 672 2402 passage
680 2343 945 2404 appearstobeusedas
955 2343 1031 2391 intba

88 2404 411 2465 RRi8)explainstbis.
428 2403 546 2465 Tbetops
576 2419 703 2466 passagec.
718 2404 993 2462 10,‘atNastoris,'&c.

88 2469 115 2515 of
128 2469 171 2516 the
181 2467 360 2514 dnessretied
370 2467 486 2526 together,
497 2467 544 2514 and
608 2469 750 2530 Homerica]
799 2471 829 2517 In
855 2469 897 2516 the
923 2467 1031 2530 Odyssey

88 2531 219 2594 supported
231 2531 272 2576 ‘in
283 2529 380 2576 modum
389 2529 457 2589 jugi)
577 2528 649 2592 (xxiv.
660 2531 719 2594 226)
728 2533 825 2593 Ulysaes
833 2531 895 2578 finds
906 2530 944 2577 luis
954 2531 1031 2580 rader

119 2593 260 2654 misma]
273 2593 326 2640 'l'be
336 2597 432 2639 context
439 2592 545 2653 explains
577 2595 705 2642 somcwbat
715 2595 847 2656 differently
858 2594 1014 2656 employed-

88 2655 546 2704 aeomoofthewmsna’or
595 2690 655 2708 .‚
808 2689 849 2710 ,,
916 2696 927 2706 ..
988 2692 994 2710 ,

89 2720 170 2768 m
190 2733 232 2766 m
253 2722 294 2766 out
315 2719 361 2764 off,
388 2719 468 2766 othe„
486 2719 545 2765 hm
577 2691 648 2740 rcvd
666 2693 807 2758 οἶονπατὲρ
823 2691 1030 2760 svpavlvmpsvp

88 2783 150 2830 θιὼ
167 2783 227 2830 ends
248 2786 294 2842 put
310 2781 335 2828 in
352 2753 394 2830 ihs
411 2781 503 2840 greum
519 2786 545 2828 tc
608 2753 718 2835 ‘vdlwl
805 2817 811 2834 .

89 2845 216 2894 mm
249 2843 544 2904 ,Mimnmffiepm-
575 2817 739 2880 λιστρευοντα
750 2827 838 2881 perca.

88 2907 171 2956 Μ’
188 2909 246 2956 isto
257 2907 298 2968 dig
312 2907 359 2954 and
369 2911 426 2954 turn
437 2921 492 2955 over
502 2907 545 2955 tbe
575 2905 627 2954 The
637 2905 677 2952 old
687 2919 795 2952 mauwas
803 2905 978 2966 serkingsbout
987 2906 1032 2954 tbe

574 2969 640 3016 vines
658 2969 705 3016 and
722 2969 824 3028 clecring
840 2969 913 3016 uem.
946 2969 998 3018 Not
1015 2983 1031 3016 a

88 2971 255 3110 Ἧᾱω]
290 3031 343 3080 The
358 3045 429 3093 poem
446 3031 544 3080 antitled
574 3031 638 3078 word
655 3031 728 3078 about
746 3031 851 3091 dunging
867 3032 893 3078 in
906 3031 948 3078 the
958 3031 1028 3106 origi·

84 3093 166 3160 Ἔργα
184 3095 226 3144 eal
253 3093 355 3156 Ημέραι,
375 3095 544 3142 “Worksand
574 3094 622 3152 nal,
633 3095 711 3140 which
720 3094 928 3142 bastroubledthe
936 3099 1029 3148 muesz

88 3159 180 3222 Drys!
200 3160 221 3206 is
240 3159 359 3218 supposed
372 3161 399 3204 to
410 3157 544 3204 bealluded
575 3157 619 3204 but
635 3157 717 3206 Cicero
736 3171 790 3216 may
806 3157 866 3204 bave
886 3154 1030 3204 understood

87 3228 120 3272 to.
153 3223 205 3271 But
219 3221 317 3282 nobody
331 3219 410 3268 would
424 3223 544 3280 expectto
575 3220 617 3266 the
627 3233 726 3279 passage
735 3219 805 3278 right.
839 3219 936 3266 laertes
953 3217 1029 3277 might

86 3286 136 3336 find
162 3300 211 3348 any
237 3283 308 3345 thing
334 3283 408 3332 about
439 3282 545 3342 duaging
575 3282 606 3330 be
624 3281 777 3356 minuisthe
794 3280 1029 3341 sarthandputtiug

86 3350 160 3398 there.
576 3357 716 3392 mmuresn.

115 3414 153 3464 Aa
179 3407 326 3470 flamm]
361 3406 418 3457 ‘At'
445 3407 472 3454 ln
496 3406 545 3456 this
611 3405 768 3455 Comitium]
810 3401 981 3454 ‘desultores’
1007 3400 1029 3449 le
