2362 3756
154 183 194 242 64
482 175 589 236 CATO
610 176 765 236 MAJon.

153 333 307 397 absurdius
330 352 416 411 quum
439 352 496 411 quo
519 332 617 392 minus
639 331 702 392 vice
725 336 818 392 restet
844 351 878 390 eo
904 330 971 410 plus
993 328 1111 390 viatici‘

152 424 315 505 quaerere?

191 515 281 574 XIX.
302 517 351 573 66.
377 512 491 587 Qusrtc
513 515 606 571 restat
629 532 716 571 causa
739 531 813 590 quse
839 511 961 570 maxime
984 529 1089 588 engere

152 615 240 687 etque
261 607 413 668 sollicitem
433 607 540 666 hahere
561 613 693 666 nostram
711 613 838 666 aetatem
851 607 974 678 videtur,
988 625 1088 684 appro-

151 699 302 778 pinquatio
315 699 427 770 mortis,
441 717 514 774 quoe
528 703 607 756 certe
621 717 638 755 a
652 703 802 757 senectute
820 717 881 756 non
893 701 992 775 potest
1004 697 1089 773 longe

151 791 261 850 abesse.
303 789 483 848 Omiserum
507 808 606 846 senem
630 788 680 866 qui
702 793 827 847 mortem
850 787 1089 847 contemnendam

151 900 215 939 esse
228 881 260 938 in
272 885 332 938 tom
345 879 433 955 longe
445 882 542 937 aetate
554 898 616 946 non
623 878 744 937 viderit!
758 897 831 956 quae
842 884 894 937 eut
903 878 989 956 plene
999 877 1089 954 negli-

150 971 246 1048 gendo
253 975 307 1044 est,
317 969 342 1027 si
352 968 470 1028 omnino
482 969 643 1046 exstinguit
652 969 788 1041 animum,
797 974 849 1028 out
858 969 945 1027 etiam
954 967 1088 1046 optanda,

151 1061 177 1120 ci
196 1061 292 1139 aliquo
312 1080 380 1118 eum
397 1059 515 1118 deducit
534 1059 587 1118 ubi
608 1059 647 1118 sit
667 1059 786 1118 futurus
810 1065 955 1118 aeternus.
994 1057 1090 1136 Atqui

150 1151 271 1210 tertium
295 1155 374 1222 certe
396 1150 470 1208 nihil
490 1149 614 1208 inveniri
632 1155 740 1228 potest.
781 1149 829 1209 67.
851 1149 930 1224 Quid
948 1149 1040 1225 igitm
1052 1148 1090 1206 ti·

150 1260 252 1314 meam,
267 1241 293 1300 si
312 1246 364 1300 cut
387 1260 448 1299 non
467 1241 556 1299 miser
574 1246 642 1318 post
662 1245 785 1299 mortem
804 1246 858 1299 snt
877 1241 981 1299 boetus
1001 1239 1090 1298 etism

150 1331 269 1390 futurus
283 1331 372 1390 sum?
413 1331 595 1408 Quemquam
609 1331 674 1408 quis
687 1335 734 1388 est
753 1336 813 1388 tam
828 1331 947 1402 stultns,
961 1329 1090 1406 quamvis

152 1422 191 1481 sit
214 1423 389 1493 adolescens,
411 1423 459 1480 cui
482 1421 521 1480 sit
542 1422 723 1498 exploratum
743 1441 775 1479 sc
797 1421 835 1479 od
853 1440 1005 1498 vesperum
1025 1439 1091 1479 esse

151 1513 321 1572 victumm?
362 1512 444 1586 Quin
467 1512 555 1570 etiem
582 1517 662 1570 actes
688 1511 738 1568 illo
764 1511 857 1570 multo
883 1512 981 1590 plmes
1004 1530 1092 1589 quem

150 1607 252 1662 nostra
271 1602 373 1661 mortis
397 1621 481 1660 cesus
503 1601 606 1660 habet:
628 1601 740 1659 facilius
764 1601 796 1659 in
817 1601 933 1660 morbos
956 1601 1092 1660 incidunt

151 1693 365 1764 adolescentem
379 1691 494 1767 gravius
504 1696 672 1768 aegrotent3
685 1691 801 1750 tristius
810 1697 960 1750 curantur.
985 1693 1092 1770 Itaque

150 1782 236 1860 pauci
258 1782 381 1841 veniunt
406 1781 443 1840 cd
470 1787 660 1840 senectutem.
702 1782 790 1856 Quod
811 1782 845 1840 ni
869 1782 913 1841 its
938 1781 1091 1856 occideret,

151 1872 255 1931 melius
278 1878 309 1931 et
329 1872 503 1950 prudentius
522 1872 669 1932 viveretur
713 1893 796 1932 mens
816 1873 894 1932 enim
914 1879 945 1932 et
964 1873 1039 1932 ratio
1059 1879 1093 1932 et

152 1962 303 2022 consilium
315 1962 348 2020 in
361 1962 479 2021 senibus
498 1969 553 2035 est,
567 1963 617 2041 qui
636 1963 661 2022 si
680 1963 755 2022 nulli
773 1964 907 2036 ficissent,
922 1965 1017 2023 nullae
1031 1983 1093 2024 om·

151 2053 222 2112 nino
233 2053 364 2112 civitates
373 2058 482 2112 essent.
517 2054 575 2113 Sed
584 2054 670 2113 redeo
681 2054 718 2114 ad
733 2059 855 2114 mortem
865 2055 1092 2134 impendentem.

153 2143 240 2218 Quod
252 2143 325 2202 illud
337 2148 383 2202 est
397 2143 506 2202 crimen
520 2144 688 2218 senectutis,
699 2165 790 2223 quum
798 2144 876 2203 'illud
888 2145 1010 2204 videatis
1024 2165 1094 2205 cum

152 2233 345 2294 adolescentis
358 2254 422 2294 esse
436 2255 587 2294 commune
600 2235 613 2295 Ρ
654 2239 701 2295 68.
725 2235 810 2294 Sensi
826 2255 880 2312 ego
894 2256 983 2314 quum
996 2237 1028 2294 in
1042 2255 1094 2315 op·

152 2324 224 2385 timo
237 2325 297 2385 filio
310 2345 384 2398 meo,
397 2331 462 2384 tum
480 2326 513 2385 in
533 2327 707 2405 exspectetis
727 2326 765 2384 cd
780 2326 984 2404 amplissimam
999 2327 1094 2405 digni·

152 2420 244 2475 tatem
270 2415 409 2476 frutribus
435 2417 505 2490 tuis,
530 2418 634 2496 Scipio,
658 2422 781 2476 mortem
809 2417 888 2476 omni
912 2418 1002 2477 aetati
1027 2437 1095 2478 esse

152 2527 343 2567 communem.
383 2508 426 2568 At
441 2513 538 2586 speret
556 2508 723 2567 adolescens
738 2507 789 2566 diu
802 2527 834 2566 se
846 2508 999 2582 victurum,
1014 2510 1096 2587 quod

152 2650 204 2696 who
222 2650 243 2696 is
260 2650 318 2697 fond
333 2650 361 2698 oi
373 2665 466 2711 money.
486 2665 552 2698 sues
568 2651 605 2698 for
637 2652 686 2700 But
696 2652 738 2699 the
749 2667 846 2712 pesssge
856 2653 882 2700 in
889 2653 931 2700 the
939 2657 990 2700 text
1001 2668 1095 2711 muns,

152 2713 190 2759 his
207 2713 312 2760 children
328 2727 356 2760 οι·
372 2713 410 2760 ior
426 2713 506 2761 others
526 2714 605 2761 whom
638 2715 726 2761 “whnt
743 2716 828 2762 should
846 2716 858 2762 1
878 2716 933 2770 secr,
944 2717 992 2764 irl
1010 2731 1051 2764 cm
1067 2724 1096 2766 to

153 2774 184 2822 he
198 2775 283 2822 wishes
301 2781 327 2823 to
345 2777 433 2823 enrich.
466 2777 516 2824 But
526 2777 605 2824 thiais
636 2777 666 2824 be
677 2778 759 2834 either,
772 2783 814 2824 &c
826 2793 861 2836 or,
874 2779 935 2826 &c.”

152 2838 251 2886 another
261 2839 332 2899 topic,
342 2839 419 2884 which
430 2839 604 2902 wouldrequics
671 2841 740 2896 Quod
760 2843 794 2897 ut,
816 2842 872 2903 δια]
916 2841 956 2890 ‘ll
975 2842 1023 2889 this
1051 2843 1096 2891 did

152 2901 279 2962 schspter.
303 2901 367 2948 llere
377 2901 419 2948 the
430 2902 605 2962 manisrepre·
637 2907 680 2950 not
700 2903 795 2964 hoppen
815 2919 850 2961 so,
870 2921 925 2952 men
946 2906 1025 2953 would
1046 2907 1097 2956 live

153 2965 236 3012 sented
246 2979 272 3010 cs
282 2964 364 3024 ussing
375 2965 476 3012 without
487 2979 533 3026 ιιι]
549 2980 605 3026 pur·
637 2965 714 3013 better
724 2967 770 3013 sud
779 2967 854 3024 wiser,
862 2968 900 3014 for
907 2970 1097 3031 undenstnnding

152 3042 217 3089 pose,
229 3027 290 3074 from
301 3041 360 3088 pure
370 3028 509 3087 greediness.
637 3029 684 3076 und
694 3044 776 3077 resson
784 3031 830 3076 end
839 3032 964 3092 jndgment
971 3032 1060 3093 belong
1068 3039 1097 3081 to

187 3092 223 3139 is.
244 3091 443 3146 Quid-timeam,
465 3091 602 3152 ci-cumt]
638 3093 677 3140 old
693 3093 765 3149 mem’
777 3098 861 3141 &c.-‘
870 3096 975 3142 civitates
986 3103 1069 3144 cuent
1079 3098 1097 3146 ι’

154 3157 160 3180 ‘
171 3152 266 3200 Smn’is
277 3153 318 3200 the
328 3157 381 3199 true
390 3153 493 3213 muling,
505 3155 552 3201 ond
563 3161 606 3202 not
637 3156 678 3204 the
686 3157 782 3218 sending
792 3157 890 3204 ofniew
899 3158 970 3206 MSS.
992 3159 1061 3207 Most
1069 3161 1099 3208 oi

153 3213 229 3262 ‘sim'
252 3216 283 3262 ln
293 3216 334 3262 the
345 3216 383 3262 De
393 3215 448 3262 Am.
458 3219 481 3273 ³,
492 3231 527 3263 we
537 3218 604 3275 hove,
636 3219 702 3266 them
713 3221 772 3266 heve
784 3219 912 3268 ‘fuissent'

153 3277 197 3324 “si
209 3310 215 3324 .
227 3311 253 3324 ..
270 3292 309 3324 me
329 3279 416 3326 moveri
432 3294 524 3340 negem,
544 3286 607 3328 certe
674 3283 751 3337 Quum
773 3283 836 3329 illud
860 3282 973 3345 videatis]
1020 3285 1098 3334 Some

152 3340 278 3397 mendcr,”
290 3341 366 3388 which
376 3355 465 3398 mecm,
474 3343 517 3390 “ii
526 3343 538 3390 1
546 3359 606 3391 were
637 3345 710 3392 MSS.
721 3345 780 3391 have
792 3344 847 3404 ‘id‚'
858 3346 935 3393 which
944 3361 997 3408 moy
1007 3347 1039 3396 be
1050 3350 1097 3398 the

152 3407 178 3450 lo
196 3403 266 3466 deny,
285 3403 299 3452 1
317 3403 402 3452 should
420 3406 534 3468 wmny
547 3406 605 3454 lie.”
636 3407 802 3468 meaning.
