2372 3758
142 165 201 221 122
517 165 706 223 LAELIUS.

91 278 154 386 ss
181 317 288 376 XXII.
303 321 350 376 82.
366 317 421 375 Sed
435 317 564 394 plerique
576 332 766 394 pervertens
780 317 871 377 dicam
884 313 1078 396 impudenter,
1179 361 1185 398 ι

141 407 266 465 amioum
278 405 383 464 habere
393 407 481 464 talem
491 407 593 464 volunt
604 408 703 484 quales
716 408 772 484 ipsi
785 427 848 466 esse
861 429 922 467 non
935 415 1078 486 possunt;
1180 453 1182 458 .

141 515 271 573 quaeque
284 495 341 573 ipsi
353 515 414 554 non
431 497 568 554 tribuunt
585 497 693 569 amicis,
706 497 777 555 haec
797 497 888 555 abeis
902 497 1076 556 desiderant.

142 585 200 643 Par
219 591 265 644 est
288 591 385 644 autem
409 586 534 661 primum
555 586 652 662 ipsum
675 605 738 644 esse
758 586 851 644 virum
873 587 991 658 bonum,
1012 593 1077 646 tum

141 675 265 732 alterum
282 674 402 733 similem
425 674 471 732 sui
484 693 629 751 quaerere.
662 671 709 732 'In
729 675 836 734 talibus
857 695 891 733 ea
904 696 990 752 quem
1003 676 1076 753 jam·

141 763 252 821 dudum
274 768 432 821 tractamus
456 763 599 822 stabilitas
620 763 764 822 amicitiae
786 765 948 822 confirmari
968 771 1075 842 potest,

140 870 230 929 quum
243 852 373 910 homines
391 852 591 910 benevolentia
610 853 759 930 conjuncti
771 854 895 930 primurn
909 854 1075 930 cupiditati·

140 941 196 1000 bus
208 941 244 999 iia
255 941 359 1018 quibus
370 941 459 999 ceteri
469 941 599 999 serviunt
608 941 800 1018 imperabunt,
812 942 915 1000 deinde
928 943 1076 1019 aequitate

140 1030 308 1111 justitiaque
322 1031 497 1106 gaudebunt,
509 1031 660 1108 omniaque
673 1032 747 1090 alter
756 1051 808 1109 pro
822 1032 912 1090 altero
926 1032 1074 1109 suscipiet,

140 1139 235 1197 neque
245 1120 399 1198 quidquam
409 1139 536 1196 unquam
546 1120 604 1177 nisi
616 1121 772 1179 honestum
785 1127 816 1179 et
828 1127 940 1179 rectum
954 1121 1029 1180 alter
1038 1122 1074 1180 ab

140 1209 232 1268 altero
245 1209 412 1287 postulabit,
425 1229 519 1286 neque
537 1210 630 1267 solum
651 1211 747 1268 colent
765 1211 844 1269 inter
857 1230 889 1268 se
905 1230 938 1283 ao
952 1211 1075 1287 diligent

141 1300 292 1359 sedetiam
305 1299 490 1358 verebuntur.
529 1299 607 1357 Nam
619 1299 775 1358 maximum
789 1305 991 1358 ornamentum
1005 1301 1074 1358 ami·

141 1389 226 1449 citiae
245 1390 323 1448 tollit
336 1389 386 1467 qui
406 1409 441 1448 ex
461 1408 495 1446 ea
515 1388 593 1446 tollit
605 1389 814 1447 verecundiam.
855 1393 902 1448 83.
923 1391 1030 1467 Itaque
1042 1390 1075 1448 in

140 1478 176 1538 iis
189 1479 366 1557 perniciosus
387 1483 433 1537 est
453 1478 600 1555 errorqui
619 1477 785 1536 existimant
804 1479 956 1538 libidinum
975 1499 1074 1558 pecca·

140 1573 294 1646 torumque
308 1568 434 1626 omnium
446 1572 545 1646 patere
557 1567 589 1625 in
601 1567 727 1627 amicitia
735 1568 890 1628 licentiam.
919 1569 1074 1628 Virtutum

58 1729 60 1734 Ι
140 1659 266 1718 amicitia
276 1658 547 1736 adjutrixanatura
558 1657 626 1716 data
635 1662 689 1730 est,
697 1677 758 1716 non
767 1658 903 1717 vitiorum
916 1664 1073 1733 comeant,
1175 1718 1178 1735 ,

140 1749 276 1826 quoniam
286 1749 413 1808 solitaria
422 1767 483 1806 non
492 1752 591 1825 posset
601 1748 693 1806 virtus
707 1747 744 1806 ad
756 1767 870 1825 eaquae
881 1769 993 1807 summa
1003 1753 1075 1808 sunt
1173 1796 1178 1820 ,

139 1839 297 1916 pervenire,
311 1839 466 1916 conjuncta
479 1844 510 1896 et
525 1838 690 1897 consociata
708 1858 774 1896 oum
788 1839 879 1897 altera
891 1839 1074 1916 perveniret3

139 1947 213 2005 quae
227 1927 334 2005 siquos
348 1929 426 1985 inter
439 1927 561 1986 societas
576 1933 628 1987 aut
641 1933 686 1986 est
705 1934 757 1986 aut
768 1929 827 1987 fuit
841 1935 892 1986 aut
905 1929 1006 1988 futura
1018 1935 1074 2002 est,

139 2036 240 2076 eorum
250 2023 296 2076 est
309 2017 458 2076 habendus
477 2017 514 2075 ad
527 2037 672 2076 summum
688 2024 810 2078 naturae
823 2019 932 2078 bonum
945 2019 1075 2096 optimus

139 2107 378 2185 beatissimusque
392 2107 555 2166 comitatus.
585 2111 633 2167 84.
648 2109 731 2166 Haeo
744 2113 797 2180 est,
811 2108 936 2186 inquam,
950 2109 1075 2168 maistas

138 2199 171 2257 in
194 2199 370 2277 quaomnia
391 2198 494 2256 in'sunt
515 2218 588 2275 quae
614 2203 722 2275 putant
748 2199 877 2258 homines
903 2199 1074 2276 expetenda,

138 2289 284 2360 honestas,
298 2288 396 2366 gloria,
409 2288 605 2365 tranquillitas
623 2288 720 2360 enimi,
735 2293 822 2365 atque
832 2289 1018 2365 jucunditas;
1037 2295 1075 2348 ut

138 2384 170 2439 et
183 2400 273 2458 quum
285 2380 356 2438 haec
376 2379 473 2437 adsint
490 2378 576 2436 beata
587 2377 649 2436 vita
668 2377 715 2449 sit,
729 2383 760 2435 et
782 2378 845 2437 sine
864 2379 910 2436 his
930 2399 993 2438 esse
1012 2399 1076 2438 non

170 2497 209 2542 22.
217 2495 328 2542 Amicam
336 2494 421 2540 tatere
429 2491 512 2551 talen]
523 2490 590 2552 Seyf-
621 2493 674 2537 ιιιιο
699 2491 802 2552 reading.
850 2493 894 2539 See
910 2493 995 2554 'Key’s
1019 2493 1075 2542 ht.

137 2557 185 2604 fert
200 2557 242 2604 ima
265 2557 350 2602 ‘talem
367 2557 467 2602 amicum
487 2551 589 2600 habere!
623 2553 752 2610 Grammar,
766 2557 844 2611 59³6,
856 2569 882 2602 aa
892 2559 918 2602 to
934 2557 982 2602 this
996 2571 1040 2603 use
1051 2559 1079 2604 of

137 2619 236 2680 Madvig
243 2620 284 2665 has
293 2619 373 2664 ‘talem
381 2618 466 2663 habere
473 2615 590 2663 amioum!
623 2616 728 2662 'similis’
739 2632 765 2662 as
773 2632 788 2662 a
795 2631 867 2664 noun.
895 2618 1007 2664 ‘Similis’
1015 2621 1075 2666 vaith

137 2682 195 2728 This
212 2683 233 2727 is
250 2695 296 2727 one
309 2681 336 2726 oi
349 2681 389 2726 the
403 2681 526 2734 instanoes,
544 2677 591 2725 and
621 2691 636 2724 a
653 2679 754 2738 genitive
770 2680 790 2725 ia
806 2680 847 2726 tha
863 2681 939 2739 image
955 2695 981 2727 or
992 2682 1082 2744 refice-5

138 2744 195 2803 they
205 2757 275 2790 occur
285 2744 310 2789 in
321 2757 389 2802 every
400 2743 503 2802 chapter,
514 2741 541 2787 of
548 2755 588 2786 va-
620 2741 686 2787 tion:
704 2745 711 2769 ⁴
720 2741 809 2787 similis'
821 2743 981 2790 withadative
988 2744 1009 2790 is
1016 2746 1075 2804 only

138 2806 234 2852 rietions
243 2807 269 2851 in
280 2805 321 2851 the
331 2805 431 2851 ordesos
438 2804 520 2850 words.
537 2803 589 2849 'Ibe
621 2803 683 2849 ‘lile
693 2804 735 2859 to,'
747 2804 772 2849 in
783 2819 848 2851 some
854 2809 965 2865 respecta,
977 2811 1020 2852 not
1033 2807 1074 2854 all.

138 2868 215 2913 cdtioa
225 2867 304 2914 decide
314 2867 351 2912 ior
364 2881 409 2912 one
422 2866 490 2912 order
499 2867 524 2912 in
535 2879 588 2925 pre·
620 2865 720 2925 Seyffert
734 2866 805 2912 resera
823 2870 849 2914 to
865 2867 954 2924 Cicero,
966 2868 1004 2914 De
1015 2869 1074 2916 Nat.

137 2929 228 2975 imanee
238 2935 263 2976 to
271 2929 370 2974 another
379 2929 405 2974 in
415 2929 473 2974 such
483 2927 589 2974 oaseslor
620 2928 733 2986 Deorum,
752 2929 777 2974 ii.
794 2932 833 2986 59,
854 2934 861 2957 ‘
871 2930 955 2991 Itaque
971 2931 1074 2991 plectri,'

137 2991 230 3037 various
247 3005 350 3037 roesous.
386 2990 524 3036 Sometimes
543 3003 588 3036 one
620 2993 662 3036 &e

137 3053 394 3111 moyseeoreasonin
410 3052 452 3098 the
470 3052 587 3112 emphasis
653 3053 735 3100 Calcat
761 3054 825 3100 iuter
854 3053 891 3114 ae]
949 3054 1075 3104 Foroellini

137 3113 174 3158 ior
183 3127 229 3158 one
239 3110 307 3158 order
322 3113 401 3158 before
415 3113 528 3171 anathem
544 3113 588 3159 but
618 3113 681 3172 gives
692 3115 760 3160 other
770 3117 888 3176 exemplos
899 3116 926 3166 os
938 3118 985 3164 this
996 3133 1040 3166 uae
1050 3134 1075 3167 o.

138 3174 151 3221 1
162 3187 201 3220 ses
212 3188 244 3219 no
253 3187 337 3218 meson
346 3174 410 3219 here.
619 3176 713 3231 ‘inter-,¹
724 3191 750 3222 aa
762 3181 778 3204 “
787 3179 905 3225 Ciceronis
915 3180 981 3239 pueri
992 3187 1077 3230 ament

170 3234 337 3294 Similemeui]
371 3235 589 3282 'lhereisareed-
619 3237 682 3283 inter
699 3237 750 3284 ae.”
784 3239 833 3300 (Ad
850 3241 902 3287 Att.
918 3242 949 3288 vi.
967 3242 1000 3302 l.)
1035 3245 1078 3294 He

137 3297 178 3356 ing
197 3297 311 3342 ‘similem
328 3295 395 3351 sibi3'
412 3296 456 3342 but
474 3297 588 3342 ‘similem
619 3311 672 3358 says
681 3299 790 3346 itia'the
806 3317 871 3349 nme
886 3317 915 3350 us
931 3304 1050 3354 ‘invicem
1059 3307 1076 3354 ι’

137 3357 191 3414 svaif
208 3371 224 3404 a
237 3356 529 3416 mamortinam
546 3359 588 3406 the
618 3361 975 3415 othershndaomediiferenoe.
