2296 3752
161 209 221 266 236
400 207 445 266 M:
467 205 613 265 TULLII
635 204 861 264 CICERONIS

161 381 267 439 magno
281 381 368 439 opere
381 363 504 422 inritare
518 361 641 444 posset?
655 381 729 439 quae
742 361 814 420 rea?
834 381 911 438 quae
925 360 1019 439 spes?
1034 361 1114 440 quod

162 451 251 510 animi
274 451 433 526 solatium?
474 449 520 510 Ut
543 472 609 510 cum
635 453 731 529 aliquo
755 452 942 510 adolescente
969 453 1113 530 primario
1135 515 1136 536 χ

161 542 316 620 conjuncta
329 548 455 601 aetatem
473 542 612 620 gereret?
652 543 781 600 Licitum
802 547 847 600 eat
864 543 929 615 tibi,
944 543 1043 615 credo,
1059 561 1112 620 pro
1135 539 1136 570 ³

162 638 214 690 trra
234 633 377 709 dignitate
398 653 433 691 ex
456 633 511 691 hac
527 633 685 710 juventute
707 652 848 708 generum
872 632 1002 708 deligere
1024 633 1111 710 cujus

161 723 229 782 fidei
241 723 347 782 liberos
361 729 428 782 tuos
446 728 478 780 te
498 728 565 780 tuto
588 722 769 781 committere
787 727 918 799 putares.
959 723 1014 781 An
1027 729 1064 781 ut
1078 743 1112 781 ea

161 813 267 872 liberos
285 833 320 871 ex
335 833 398 872 sese
411 819 535 891 pareret,
549 832 621 889 quos
635 832 725 889 quum
739 813 876 870 florentes
891 812 1007 872 videret
1020 814 1110 872 laeta·

161 903 267 962 retur?
281 903 330 980 qui
343 923 405 961 rem
419 923 436 960 a
449 908 571 981 parente
585 903 723 961 traditam
736 921 789 980 per
799 923 829 960 se
843 908 947 962 tenere
960 903 1110 981 possent?
1135 899 1136 982 i

161 994 286 1052 honores
299 993 455 1052 ordinatim
467 993 591 1070 petituri
605 993 729 1051 essent?
749 993 782 1053 m
799 1013 832 1051 re
851 994 977 1071 publica,
992 994 1027 1053 in
1039 995 1109 1052 ami·
1135 1017 1136 1036 ι

144 1098 146 1102 ’
162 1104 262 1143 corum
275 1083 401 1160 negotiis
414 1082 550 1141 libertate
565 1103 617 1141 sua
630 1082 808 1142 uterentur?
837 1083 917 1158 Quid
930 1085 1038 1143 horum
1051 1085 1110 1144 fuit
1135 1089 1136 1146 ]

163 1174 240 1252 quod
262 1193 322 1232 non
345 1173 536 1251 priusquam
560 1172 662 1231 datum
688 1178 734 1231 est
761 1173 931 1250 ademptum
956 1175 1024 1234 sit?
1065 1177 1110 1233 At
1135 1163 1136 1252 i

162 1285 230 1324 vero
244 1265 351 1324 malum
367 1269 413 1322 est
432 1263 537 1321 liberos
558 1263 701 1321 amittere.
742 1264 866 1337 Malum,
880 1265 939 1324 nisi
952 1266 1011 1325 hoc
1024 1266 1109 1344 pejus

164 1357 203 1416 sit
217 1357 288 1415 haec
302 1357 423 1414 sufferre
436 1359 467 1412 et
480 1353 602 1432 perpeti.
1135 1409 1136 1424 ,

204 1447 287 1520 Quae
310 1465 356 1504 res
376 1444 448 1502 mihi
467 1464 527 1502 non
548 1443 723 1502 mediocrem
744 1444 972 1504 consolationem
996 1447 1109 1518 attulit,
1135 1477 1136 1526 ι

162 1537 227 1595 volo
249 1537 305 1595 tibi
324 1554 555 1608 commemorare,
570 1535 595 1592 si
614 1535 691 1594 forte
712 1536 812 1594 eadem
831 1556 879 1594 res
899 1535 956 1595 tibi
977 1537 1110 1598 dolorem
1135 1551 1136 1572 ι

163 1626 293 1684 minuere
314 1626 415 1703 possit.
456 1625 501 1683 Ex
514 1624 586 1683 Asia
606 1625 722 1684 rediens
740 1646 829 1703 quum
850 1627 886 1685 ab
905 1627 1025 1703 Aegina
1043 1630 1108 1687 Me-
1135 1679 1136 1704 ,

163 1737 261 1794 garam
274 1736 374 1774 versus
394 1715 567 1791 navigarem,
582 1715 664 1793 coepi
681 1717 814 1793 regiones
836 1717 1025 1778 circumcirca
1043 1739 1108 1797 pro-

164 1808 281 1885 spicere.
336 1807 409 1864 Post
435 1825 481 1864 me
509 1811 572 1864 erat
598 1805 720 1882 Aegina,
748 1812 816 1864 ante
843 1807 975 1882 Megara,
1005 1809 1109 1868 dextra

164 1898 308 1968 Piraeeus,
320 1896 437 1954 siaistra
448 1896 616 1968 Corinthus,
628 1916 701 1973 quae
715 1897 821 1975 oppida
834 1898 959 1974 quodam
972 1905 1108 1978 tempore

163 1985 366 2045 florentissima
379 1987 508 2058 fuerunt,
517 2007 598 2046 nunc
611 1991 757 2065 prostrata
770 1992 800 2044 et
811 1987 908 2046 diruta
921 1993 993 2047 ante
1007 1992 1107 2049 oculos
1135 2055 1136 2058 Ἴ

159 2077 267 2155 jacent.
310 2075 401 2154 Coepi
420 2082 536 2153 egomet
557 2097 670 2134 mecum
692 2077 732 2134 sic
754 2077 898 2153 cogitare:
929 2077 1031 2138 Hem!
1053 2101 1106 2138 nos

163 2167 330 2226 homunculi
342 2167 527 2245 indignamur
537 2167 562 2225 si
573 2168 637 2244 quis
650 2173 784 2226 nostrum
797 2167 910 2227 interiit
923 2174 977 2228 aut
992 2170 1106 2229 occisus

195 2365 296 2414 Liberos
314 2363 378 2426 tuoe]
419 2362 485 2414 Used
502 2361 559 2410 here
579 2361 617 2410 for
647 2361 746 2424 proceed
764 2362 825 2410 from
842 2363 883 2410 the
898 2363 988 2420 lowest,
1004 2379 1104 2426 aquae-

163 2441 209 2475 ona
220 2429 289 2486 child,
305 2429 343 2474 his
359 2429 480 2488 daughter.
513 2427 563 2473 But
575 2427 617 2473 the
648 2427 757 2486 storshIp,
774 2431 800 2474 to
819 2427 860 2474 the
874 2426 975 2486 highest,
993 2428 1035 2474 the
1050 2443 1105 2476 can-

163 2492 228 2538 word
250 2492 337 2539 ‘liberi'
359 2493 448 2553 isnot
473 2489 564 2537 IimIted
590 2493 616 2536 to
649 2489 747 2549 scrshIp.

164 2553 283 2602 children=
310 2555 330 2601 lt
357 2553 526 2615 comprehende
549 2552 582 2600 all
603 2565 617 2599 a
684 2550 846 2612 Utereatart]
874 2550 932 2600 ‘Uti
943 2551 958 2598 :'
970 2553 1053 2600 Orelli.
1082 2553 1107 2600 Ii

163 2617 240 2664 man's
251 2619 324 2665 direct
334 2610 494 2664 descendants.
650 2615 708 2662 ‘uti'
720 2616 740 2662 is
750 2615 792 2661 the
804 2620 857 2662 true
871 2615 977 2677 reading,
988 2631 1024 2663 we
1040 2621 1104 2664 must

195 2681 255 2728 Rem
271 2694 287 2728 c
300 2681 415 2740 parente]
449 2680 526 2726 'l'hera
538 2678 558 2724 is
573 2693 616 2724 no·
649 2679 734 2739 supply
746 2677 873 2739 ‘possent'

164 2741 232 2802 thing
253 2758 279 2790 so
300 2743 397 2790 diffieult
418 2747 444 2790 tc
461 2743 574 2789 translate
591 2755 617 2788 as
684 2743 1103 2804 Volatittcommemorare,]⁴1will
1135 2739 1136 2746 ’

164 2805 222 2851 such
242 2816 274 2852 au
295 2806 431 2865 expressIon
454 2819 480 2853 as
501 2805 557 2859 this,
585 2819 617 2850 on
648 2804 691 2850 tell
711 2803 774 2864 you,'
794 2805 871 2851 where
890 2803 960 2851 ‘will'
982 2821 1103 2867 expresses

163 2872 263 2914 account
280 2867 308 2914 of
323 2868 354 2914 its
372 2869 508 2929 generality.
541 2868 617 2914 Thera
647 2867 689 2914 the
706 2869 789 2914 notion
807 2867 834 2914 of
848 2867 925 2914 ‘volo'
946 2882 1029 2916 naarer
1046 2871 1103 2918 than

163 2930 226 2976 lsno
238 2930 327 2990 epithet
339 2929 479 2990 ‘publicam’
488 2945 515 2977 or
525 2935 531 2958 ⁶
540 2931 616 2991 priva·
648 2945 695 2992 any
705 2931 772 2976 other
786 2931 858 2986 word,
874 2931 967 2991 though
982 2933 1041 2979 with
1057 2934 1102 2981 less

163 2990 221 3039 tam’
233 2992 342 3039 attached
357 2998 383 3039 to
398 2993 426 3039 it.
460 2993 484 3038 It
500 3007 575 3039 seems
591 2999 617 3040 to
648 2993 773 3052 emphasis,
791 2993 891 3040 mcause
908 3007 952 3040 our
972 2995 1044 3042 ‘will'
1061 2998 1102 3044 has

163 3068 233 3100 mean
250 3059 299 3098 “to
313 3055 427 3099 maintain
443 3055 475 3112 by
486 3055 549 3100 their
564 3070 617 3101 own
648 3056 694 3102 lost
716 3056 786 3102 much
808 3056 836 3102 ol
853 3057 884 3103 its
904 3057 1009 3120 primary
1026 3073 1101 3113 senae.

163 3115 243 3162 efforts
260 3115 291 3160 all
308 3115 360 3159 that
375 3115 437 3160 their
451 3115 528 3160 father
538 3120 615 3162 trans-
647 3118 693 3164 and
703 3118 724 3164 ts
734 3119 852 3166 nowused
861 3133 939 3165 aeone
950 3121 979 3168 of
987 3122 1029 3169 tha
1041 3124 1101 3186 signs

163 3177 246 3222 mitted
262 3180 288 3223 to
305 3175 396 3228 them,”
408 3175 467 3220 both
484 3179 536 3222 ‘res
552 3178 615 3236 pub·
647 3179 675 3224 of
682 3179 789 3240 futurity.

162 3234 452 3294 lica'anc⁴respnvata'
679 3241 818 3302 Meqaram]
853 3243 911 3289 'l'his
931 3244 952 3291 is
973 3260 989 3292 a
1009 3247 1102 3296 &man

195 3301 306 3345 Honores
322 3297 458 3350 ardetatim,
478 3297 534 3356 δια]
570 3297 615 3344 Be.
647 3301 716 3348 form.
749 3303 1102 3374 macraektormisMegna,

162 3373 229 3405 come
239 3358 371 3406 candidates
384 3357 421 3402 for
437 3357 478 3402 the
489 3360 495 3384 ¹
505 3357 614 3406 honores'
647 3361 672 3408 in
683 3363 725 3410 the
735 3365 813 3424 plural
823 3366 931 3415 number.

161 3417 615 3469 intheorderiuwhichamanmust
