2372 3758
158 193 216 249 152
529 185 734 246 EPIsTOLA

156 346 196 406 sit
209 337 373 424 provinciae
392 343 543 421 cognitum
561 343 617 402 tibi
630 342 762 402 omnium
776 340 882 420 quibus
902 340 1017 419 praesis
1033 341 1107 400 solu·

12 443 14 450 “
103 443 111 452 “
155 448 225 509 tem,
244 438 358 508 liberos,
377 435 491 509 famam,
511 435 645 494 fortunas
663 427 732 492 ¹esse
754 433 925 491 carissimas.
967 433 1106 510 Denique

156 530 226 587 haec
240 528 338 605 opinio
352 527 400 598 sit,
413 547 475 584 non
488 526 573 585 modo
587 526 623 584 iis
637 525 688 602 qui
701 523 809 601 aliquid
822 521 991 601 acceperint
1005 523 1059 581 sed
1071 523 1106 580 iis

155 620 244 678 etiam
258 619 309 696 qui
323 617 456 676 dederint
470 623 501 676 te
514 616 674 688 inimicum,
688 615 714 674 si
726 615 757 672 id
770 613 947 690 cognoveris,
959 613 1104 673 futurum.

156 713 261 788 Neque
277 699 348 768 'vero
368 710 520 787 quisquam
539 707 628 780 dubit,
642 727 732 786 quum
752 705 809 764 erit
829 705 884 763 hoc
906 711 1104 782 perspectum,

155 802 229 860 nihil
242 821 295 878 per
308 821 358 860 eos
372 799 422 877 qui
441 799 582 857 simulant
600 819 631 856 se
652 797 730 875 opud
748 802 779 854 te
799 796 925 854 multum
944 815 1035 872 posse
1054 798 1106 858 abs

155 903 186 950 te
200 893 293 951 solere
306 889 464 968 impetrari.
506 894 554 948 14.
575 890 606 947 N
608 909 641 947 eo
659 893 760 946 tamen
779 887 851 946 haec
872 885 967 945 oratio
980 906 1048 944 mea
1061 891 1105 944 est

155 983 298 1061 ejusmodi
311 987 347 1040 ut
360 987 391 1040 te
404 981 437 1038 in
450 986 519 1040 tuos
533 986 586 1040 aut
603 981 710 1039 durum
728 998 792 1037 esse
805 977 929 1036 nimium
943 983 997 1035 aut
1011 976 1104 1054 suspi-

155 1075 266 1132 ciosum
279 1073 374 1132 velim.
415 1073 494 1131 Nam
516 1072 542 1131 si
562 1071 626 1150 quis
649 1077 695 1130 est
716 1091 825 1140 eorum,
845 1069 895 1147 qui
914 1069 972 1127 tibi
993 1069 1104 1127 biennii

156 1165 251 1244 spatio
265 1183 425 1241 numquam
434 1164 475 1221 ¹in
497 1163 692 1241 suspicionem
707 1161 844 1220 avaritiae
858 1160 981 1231 venerit,
995 1165 1032 1217 ut
1051 1179 1103 1236 ego

157 1257 293 1316 Caesium
314 1261 345 1315 et
367 1255 562 1332 Chaerippum
582 1261 613 1312 et
635 1254 803 1312 Labeonem
823 1257 854 1311 et
874 1251 962 1310 audio
983 1257 1023 1322 et,
1038 1251 1104 1330 quia

156 1347 287 1424 cognovi,
302 1346 444 1417 existimo,
458 1345 531 1403 nihil
552 1344 690 1420 estquod
708 1364 769 1402 non
787 1348 818 1402 et
831 1343 867 1401 iis
887 1349 917 1401 et
936 1343 962 1400 si
976 1343 1043 1420 quis
1059 1347 1103 1400 est

155 1438 230 1496 alius
245 1437 454 1517 ejusdemmodi
467 1441 498 1494 et
512 1435 657 1495 committi
674 1440 705 1493 et
719 1434 798 1494 credi
811 1433 974 1493 rectissime
992 1440 1101 1511 putem.

156 1530 214 1588 Sed
228 1530 253 1588 si
266 1529 331 1606 quis
350 1533 396 1587 est
416 1528 448 1586 in
462 1547 519 1604 quo
529 1527 589 1605 jem
610 1526 773 1598 offenderis,
789 1526 825 1584 de
839 1545 896 1603 quo
914 1525 1026 1602 aliquid
1040 1545 1102 1584 sen-

156 1621 236 1692 seris,
251 1621 320 1678 huic
338 1619 412 1677 nihil
432 1617 596 1690 credideris,
610 1617 722 1675 nullam
743 1621 857 1695 partem
879 1615 1102 1675 existimationis

156 1705 227 1769 tuae
241 1709 428 1768 commiseris.

195 1801 233 1860 V.
255 1804 302 1858 15.
322 1802 361 1858 In
375 1799 522 1877 provincia
535 1819 605 1858 vero
617 1799 689 1878 ipsa,
704 1799 829 1878 siquem
843 1818 874 1857 es
887 1803 994 1857 nactus
1007 1795 1102 1876 quiin

154 1896 236 1949 tuam
250 1890 476 1948 familiaritatem
494 1891 614 1969 penitus
627 1890 753 1963 intrarit,
768 1890 819 1968 qui
828 1888 912 1948 nobis
926 1895 997 1948 ante
1011 1889 1100 1948 fuerit

153 1981 282 2058 ignotus,
305 1980 374 2038 huie
397 1987 540 2058 quantum
567 1981 743 2040 credendum
771 1981 810 2038 sit
832 1980 916 2050 vide;
944 2001 1008 2060 non
1031 1981 1102 2059 quin

154 2071 269 2148 possint
282 2071 369 2129 multi
383 2091 447 2130 erse
465 2072 656 2149 provinciales
668 2071 723 2130 viri
743 2071 830 2142 boni;
852 2071 903 2130 sed
916 2071 973 2130 hoc
987 2093 1104 2150 sperare

153 2162 231 2232 licet,
239 2162 370 2240 judicare
380 2161 576 2240 periculosum
587 2169 641 2221 est.
676 2163 784 2235 Multis
795 2163 872 2221 enim
884 2163 1104 2222 simulationum

154 2247 310 2312 involucris
321 2253 433 2330 tegitur
442 2260 473 2312 et
482 2254 565 2331 quasi
572 2253 643 2312 velis
652 2254 823 2332 quibusdam
835 2253 1007 2312 obtenditur
1015 2255 1104 2313 unius

155 2347 295 2425 cujusque
315 2351 437 2405 natura:
461 2345 550 2416 frons,
568 2329 656 2416 oculi,
676 2345 777 2404 vultus
797 2364 935 2422 persaepe
955 2345 1104 2404 mentiun-

155 2443 222 2510 tur;
241 2437 334 2496 oratio
348 2456 416 2496 vero
430 2435 606 2514 saepissime.
648 2435 844 2510 Quamobrem
858 2435 908 2512 qui
921 2441 1009 2513 potes
1022 2456 1104 2514 repe-

182 2614 258 2659 'Huio
280 2614 342 2658 nihil
361 2611 519 2672 credideris]
554 2611 613 2657 This
644 2610 702 2658 verb
719 2610 796 2656 which
810 2611 894 2657 should
911 2625 941 2670 go
958 2611 1016 2658 with
1034 2612 1104 2658 ‘non'

156 2675 218 2721 form
229 2676 257 2722 of
270 2676 311 2721 the
329 2676 476 2735 subjunctive
492 2676 512 2722 is
527 2689 542 2720 s
555 2674 615 2720 kind
645 2673 717 2733 being
728 2674 842 2730 omitted3
858 2689 884 2720 as
895 2689 930 2720 we
941 2689 984 2735 say
993 2681 999 2700 ¹
1009 2681 1051 2722 not
1060 2676 1106 2722 but

157 2738 185 2784 of
195 2738 319 2784 command
330 2751 358 2783 or
368 2739 440 2784 wish:
464 2738 544 2786 “huic
554 2738 614 2784 nihil
645 2738 772 2797 theremsy
784 2737 830 2794 be,'
842 2737 919 2784 which
935 2753 1017 2785 means
1033 2739 1105 2786 'Ido

158 2799 309 2854 credideris,”
318 2804 333 2827 “
344 2800 440 2847 Iwould
448 2806 491 2846 not
498 2801 558 2848 have
565 2815 614 2862 you
645 2807 689 2847 not
699 2816 740 2860 ssy
751 2801 803 2847 that
814 2801 880 2846 there
891 2815 929 2846 are
940 2801 1001 2848 not!

79 2887 83 2896 ι
157 2863 407 2910 totrustsuchaone
421 2863 513 2910 atall.''
546 2863 614 2910 With
679 2865 854 2924 Provinciales]
887 2865 1106 2925 lleoomprebeuds

157 2925 199 2971 the
216 2925 302 2971 second
321 2940 407 2984 person
418 2927 446 2972 of
459 2927 501 2973 the
511 2933 614 2987 present,
646 2927 723 2974 under
741 2927 788 2973 this
807 2933 868 2973 term
887 2927 946 2973 both
962 2928 1061 2974 ltaliam
1080 2929 1105 2974 in

158 2989 178 3034 it
187 2989 207 3034 is
218 2989 264 3034 less
273 3001 391 3046 common,
400 2989 447 3035 sud
455 2991 476 3036 is
487 2990 537 3036 said
548 2995 574 3036 to
585 2990 615 3036 be
646 2991 689 3037 tho
707 2991 817 3050 province
833 2991 879 3036 and
899 2991 997 3038 nstivea
1031 2991 1107 3038 What

55 3095 60 3100 ,
158 3052 217 3096 used
228 3052 278 3096 ina
293 3064 358 3096 moro
374 3053 468 3110 general
486 3067 514 3098 or
531 3053 615 3099 indefi-
647 3053 806 3114 immediately
824 3051 913 3099 follows
932 3053 1043 3101 refersto
1056 3055 1105 3102 lta·

158 3115 209 3159 nite
220 3127 282 3171 way3
300 3113 371 3158 “isto
391 3114 454 3160 bono
472 3120 539 3160 utare
557 3116 616 3162 dum
647 3117 707 3162 lisns
715 3117 790 3162 iuthc
798 3118 918 3176 province:
931 3117 1013 3164 undho
1021 3119 1106 3179 speaks

148 3174 245 3236 'adsitss'
257 3176 300 3220 &c
334 3175 537 3224 DeSeu.c.10.
571 3177 616 3224 See
648 3179 675 3224 of
688 3179 984 3236 thoGreslrsstterwards.

160 3237 379 3298 Key'sGrummar,
394 3240 462 3292 1175.
682 3242 840 3296 Quamobrem
867 3243 1106 3308 qui-timenti]

191 3305 215 3347 o.
233 3301 471 3361 Nonquiapom'nt]
491 3301 615 3348 Astothe
647 3302 778 3350 Lambinus
804 3306 902 3351 amends
929 3306 973 3354 tho
999 3323 1108 3370 passage,

159 3377 203 3410 use
221 3362 248 3408 of
262 3360 353 3420 ‘quim'
371 3376 409 3408 see
420 3362 458 3408 Do
473 3363 528 3409 Seu.
542 3379 562 3409 c.
577 3365 614 3418 17.
647 3365 723 3411 which
741 3366 772 3412 he
789 3381 842 3428 says
859 3368 880 3413 is
898 3373 942 3414 not
959 3369 1109 3432 intelligible.

160 3425 219 3472 This
240 3424 376 3484 expression
396 3424 417 3470 is
439 3425 556 3485 ellipficah
573 3426 616 3473 the
648 3427 675 3473 P.
685 3427 809 3474 Manutius
826 3429 906 3478 denies
921 3431 976 3480 that
988 3439 1004 3463 ‘⁶
1014 3435 1056 3497 qui
1068 3451 1111 3498 pe.
