2362 3756
418 195 507 256 OAP.
527 197 634 257 XXII.
655 197 781 257 XXIII.
1027 202 1065 260 63

124 349 238 410 animus
258 371 325 411 cum
343 370 474 428 corpore,
487 372 539 412 vos
556 356 657 412 tamen
674 353 755 412 Deos
772 357 915 427 verentes,
929 352 980 432 qui
991 353 1066 416 hanc

123 461 239 500 omnem
264 441 515 520 pidehritudinern
547 447 672 502 tuentur
698 449 729 502 et
754 449 871 520 regunt,
898 445 1065 504 memoriam

122 532 218 592 nostri
230 532 278 609 pie
291 531 489 608 inviolateque
503 533 684 592 servabitis.'’

161 623 289 682 XXIII.
324 625 374 681 82.
405 622 499 699 Cyrus
522 611 639 700 cuidem
665 623 735 682 haec
762 623 896 682 moriens.
937 625 1011 698 Noe,
1039 624 1064 684 si

121 712 226 791 placet,
239 717 344 771 nostra
357 711 514 777 videamur,
544 714 641 772 Nemo
654 734 782 792 unquam
795 714 875 787 mihi,
885 714 988 792 Scipio,
1000 735 1063 793 per·

122 802 256 862 suadebit
269 808 322 862 aut
332 807 448 880 patrem
457 807 542 861 tuum
552 804 695 875 Paullum,
706 809 758 862 aut
769 804 842 862 duos
850 824 918 864 avos
929 805 1063 866 Paullum

122 897 153 951 et
164 893 350 964 Africanum,
361 897 415 950 aut
428 892 560 952 Aliicani
572 898 693 970 patrem,
704 899 757 952 aut
766 899 914 971 patruum,
924 900 976 954 aut
989 895 1063 955 mul·

121 989 168 1042 tos
189 989 377 1063 praestantes
398 983 475 1041 viros
498 1003 571 1062 quos
592 1003 761 1042 enumerare
784 1004 845 1044 non
868 990 913 1044 est
934 1005 1061 1059 necesse,

120 1079 204 1132 tanta
224 1094 290 1133 esse
312 1077 434 1132 conatos
456 1092 529 1150 quae
550 1074 587 1133 ad
599 1073 780 1151 posteritatis
793 1075 961 1134 memoriam
973 1076 1062 1153 perti·

119 1170 234 1236 nerent,
247 1163 308 1222 nisi
321 1163 419 1221 animo
432 1169 584 1246 comerent
593 1164 796 1242 posteritatem
809 1165 846 1224 ed
860 1185 891 1224 se
905 1165 1060 1244 pertinere.

120 1257 170 1314 An
183 1275 295 1328 censes,
309 1259 346 1313 nt
365 1253 401 1312 de
418 1273 464 1312 me
481 1253 544 1331 ipso
558 1254 666 1331 aliquid
679 1274 758 1314 more
771 1275 874 1314 senum
887 1255 1001 1332 glorier,
1015 1275 1062 1316 me

120 1352 220 1405 tantos
232 1346 349 1404 labores
360 1344 478 1402 diurnos
492 1349 708 1422 nocturnosque
718 1345 796 1404 domi
808 1345 985 1422 militiaeque
999 1365 1061 1404 sus·

121 1442 275 1514 capturum
295 1435 396 1506 fuisse,
411 1435 436 1492 si
455 1433 557 1494 iisdem
576 1435 685 1494 finibus
705 1435 826 1512 gloriam
845 1454 939 1492 meam
956 1434 1061 1510 quibus

120 1526 209 1585 ritem·
230 1545 326 1584 essem
345 1523 555 1584 terminatum
566 1525 580 1584 t
610 1525 720 1586 Nonne
732 1526 837 1584 melius
850 1524 943 1582 multo
956 1523 1061 1583 fuisset

121 1617 243 1676 otiosam
258 1619 387 1674 aetatem
397 1619 428 1673 et
438 1614 565 1692 quietam
577 1615 640 1674 sine
649 1615 709 1676 ullo
719 1616 818 1676 labore
828 1619 859 1673 et
873 1599 1061 1674 contentione

120 1705 298 1766 traducere?
339 1704 398 1764 Sed
415 1704 513 1764 nescio
533 1705 676 1782 quomodo
694 1706 808 1766 animus
822 1705 936 1781 erigens
951 1725 983 1764 se
995 1725 1060 1782 pos·

121 1797 270 1856 toritatem
288 1795 331 1854 ita
350 1813 464 1872 semper
480 1795 673 1873 prospiciebat
691 1796 774 1874 quasi
787 1815 877 1873 quum
890 1795 1060 1856 excessisset

121 1889 211 1947 evita
224 1893 290 1946 tum
301 1885 425 1964 denique
434 1885 564 1944 victurus
578 1891 664 1945 esset.
706 1886 793 1960 Quod
803 1885 919 1963 quidem
929 1885 961 1944 ni
972 1886 1015 1945 ita
1029 1905 1060 1946 se

121 1979 242 2038 haberet
255 1983 291 2036 ut
301 1976 392 2036 animi
404 1977 580 2036 immortales
594 1981 702 2050 essent,
712 1977 791 2036 haud
804 1975 907 2054 optimi
920 1976 1060 2054 cujusque

120 2070 235 2128 animus
249 2069 372 2127 maxime
386 2067 423 2126 ad
435 2067 682 2127 immortalitatem
695 2067 803 2144 gloriae
815 2066 969 2126 niteretur.
1010 2070 1058 2126 83.

122 2161 210 2235 Quid,
224 2160 302 2238 quod
316 2157 546 2236 sapientissimus
563 2158 684 2236 quisque
704 2157 876 2235 aequissimo
890 2157 986 2216 animo
999 2176 1059 2214 mo·

120 2252 204 2325 nitur,
219 2249 410 2310 stultissimus
423 2247 602 2327 iniquissimo
615 2249 629 2307 l
656 2249 688 2308 N
689 2267 765 2308 onne
777 2247 858 2306 vobis
871 2247 986 2306 videtur
999 2245 1058 2304 ani-

120 2363 186 2402 mus
199 2342 225 2402 is
239 2341 289 2420 qui
302 2341 369 2420 plus
383 2344 482 2398 cernet
496 2345 526 2398 et
539 2339 655 2416 longius
665 2339 762 2398 videre
774 2358 805 2396 ee
816 2338 852 2397 ad
862 2337 981 2395 meliora
993 2354 1059 2412 pro·

120 2434 226 2506 ficisci3
246 2433 295 2492 ille
317 2436 416 2490 autem
440 2430 521 2509 cujus
542 2429 674 2489 obtusior
698 2430 737 2488 sit
759 2429 834 2487 acies
856 2447 917 2485 non
937 2423 1058 2482 videre?

153 2611 192 2657 23.
208 2608 324 2669 Africam
330 2609 435 2667 patrem,
447 2606 502 2667 δια]
520 2605 572 2652 The
603 2605 710 2666 spiceum
720 2604 752 2651 sit
763 2636 769 2651 .
782 2637 788 2650 .
801 2637 807 2650 .
819 2597 993 2650 moverentur.”

120 2673 197 2720 father
213 2671 373 2718 ofAlricanne
386 2669 525 2729 Majorwas
545 2669 571 2715 P.
634 2669 712 2728 Irqaa'
724 2669 783 2727 ples
797 2667 890 2727 cernat]
925 2663 1057 2712 Thereisa

122 2736 207 2796 Scipio,
229 2735 282 2782 eho
303 2748 351 2780 was
367 2733 439 2779 killed
456 2734 482 2779 in
499 2732 572 2793 Spain
603 2731 701 2791 reading
713 2728 818 2786 ‘cernit’
835 2729 879 2776 but
892 2727 1003 2776 ‘cernat’
1015 2743 1057 2789 ap-

125 2813 170 2846 ac.
192 2800 248 2846 211.
291 2797 344 2844 Tho
370 2796 438 2842 uncle
458 2810 505 2842 was
527 2793 573 2842 Cn.
605 2809 672 2855 peers
699 2797 725 2840 to
751 2793 781 2839 be
807 2793 849 2840 the
875 2797 927 2840 true
953 2791 1057 2852 reading.

2 2895 20 2916 ,.
122 2857 574 2923 Sdpio,whowasalsokilledinSpain
606 2855 991 2916 “Thiukyounotthatamind,
1006 2854 1027 2900 ir
1038 2855 1058 2900 it

121 2929 146 2972 et
159 2926 201 2972 the
217 2939 281 2970 same
297 2923 355 2969 time
372 2921 443 2984 (Livy
460 2936 513 2968 xxv.
533 2922 572 2982 34,
605 2920 625 2966 is
643 2935 688 2966 one
705 2920 757 2965 that
778 2924 910 2979 penetrales
928 2933 993 2965 more
1011 2917 1058 2963 and

122 2987 184 3050 tao).
217 2988 295 3034 Tbeae
311 2991 358 3032 two
377 2985 466 3046 Scipios
484 2998 523 3031 are
538 2984 573 3031 el·
605 2983 703 3038 further,
720 2986 785 3028 must
802 2996 840 3028 sce
856 2982 908 3028 that
923 2982 942 3027 it
956 2981 1058 3039 isgoing

120 3050 191 3099 lnded
200 3055 227 3098 to
237 3052 263 3096 in
274 3065 294 3097 c.
305 3051 345 3098 20.
604 3051 630 3093 to
641 3046 717 3092 better
728 3045 820 3104 things3
831 3045 885 3100 and,
897 3059 929 3090 on
940 3044 980 3089 the
991 3043 1058 3088 other

155 3117 232 3162 Ihala
250 3127 299 3160 eree
316 3111 573 3158 conclea-aiei-cer-
605 3109 676 3163 hand,
696 3107 717 3153 il
731 3109 752 3154 it
769 3109 789 3153 is
805 3122 851 3154 one
864 3106 943 3152 whose
959 3105 1057 3164 sightia

120 3178 214 3238 ensal]
250 3175 354 3234 Perhaps
364 3188 400 3220 we
416 3172 499 3219 should
515 3171 574 3218 have
606 3170 734 3218 somowhat
749 3170 835 3225 dulled,
852 3170 904 3215 that
919 3169 939 3214 it
953 3168 1000 3214 will
1015 3171 1058 3214 not

120 3240 232 3301 expected
245 3243 382 3285 ‘conaturos
394 3235 481 3282 fnisse)
499 3234 524 3281 Il
532 3235 573 3280 the
604 3234 664 3280 have
674 3234 732 3279 euch
743 3237 875 3293 aprospect
884 3230 910 3278 ?”

120 3304 216 3363 reading
236 3302 256 3348 is
272 3302 343 3361 right,
359 3300 403 3346 the
416 3313 458 3344 uae
471 3297 499 3343 of
513 3297 574 3342 ‘nisi
637 3296 694 3356 Ille]
715 3296 781 3342 ‘Hic'
793 3295 840 3340 and
853 3293 910 3338 ‘ille'
923 3307 948 3338 aa
960 3292 1056 3338 demon-

121 3364 255 3414 eerncrent'
275 3365 296 3410 la
314 3361 424 3424 peculiar.
458 3359 574 3417 Compare
605 3358 711 3404 stratives
733 3371 772 3402 arc
793 3357 834 3400 the
850 3359 897 3399 two
915 3353 989 3396 words
1005 3351 1057 3396 thet

121 3427 286 3488 CicermVerr,
295 3426 319 3474 ii.
331 3427 353 3482 1,
362 3439 382 3470 c.
395 3425 441 3471 32:
459 3425 474 3448 ‘¹
483 3429 509 3466 ut
519 3434 573 3479 per·
605 3417 722 3478 generally
741 3429 807 3462 eome
827 3415 853 3460 ia
871 3416 989 3463 watreat3
1013 3410 1057 3453 but
