2372 3758
159 173 217 230 174
527 173 730 232 EPISTOLA

156 326 272 384 illorum
285 325 343 386 erit
352 328 450 388 verius
458 326 604 409 judicium
620 326 832 386 obtrectatione
850 331 881 385 et
894 327 1106 389 malevolentia

155 415 318 476 liberatum.
358 422 407 474 44.
428 417 564 494 Denique
584 417 658 476 illud
678 417 766 475 etiam
784 417 872 476 debes
885 417 1024 494 cogitare,
1039 438 1104 478 non

155 511 187 564 te
210 505 266 564 tibi
288 505 342 564 soli
363 506 484 583 gloriam
507 520 654 584 quaerere,
669 507 747 585 quod
768 506 794 566 si
817 513 903 579 esset,
916 514 1019 567 tamen
1038 529 1104 568 non

155 596 326 672 negligeres,
337 597 506 673 praesertim
518 616 609 674 quum
622 596 804 674 amplissimis
817 598 1016 656 monumentis
1031 619 1102 657 con·

156 705 268 744 secrars
281 686 421 745 voluisses
444 687 612 745 memoriam
630 687 757 746 nominis
775 687 837 759 tui;
859 688 909 746 sed
930 708 966 746 ea
983 689 1039 747 tibi
1053 696 1101 747 est

155 775 393 834 communicanda
406 796 528 848 mecum,
541 777 691 854 prodenda
707 777 805 835 liberis
824 778 944 837 nostris.
986 780 1025 836 In
1039 799 1100 857 quo

155 868 314 926 cavendum
336 873 382 926 est
401 888 448 940 ne,
470 868 495 926 si
514 869 709 945 negligentior
727 869 826 941 fueris,
845 889 906 928 non
927 871 1021 929 solum
1042 871 1100 930 tibi

154 977 258 1035 parum
271 958 451 1016 consuluisse
466 958 517 1015 sed
531 958 620 1016 etiam
633 959 694 1016 tuis
707 959 846 1018 invidisse
858 959 992 1018 videaris.

194 1049 282 1107 XVI.
303 1051 352 1106 45.
375 1049 474 1125 Atque
488 1049 558 1107 haec
571 1069 633 1107 non
643 1069 678 1108 eo
689 1049 828 1108 dicuntur
836 1055 871 1108 ut
882 1055 913 1108 te
927 1051 1021 1109 oratio
1032 1071 1098 1110 mea

155 1137 346 1197 dormientem
365 1139 505 1197 excitasse
527 1139 578 1196 sed
595 1139 694 1216 potius
714 1144 750 1197 ut
771 1145 937 1198 currentem
958 1141 1098 1200 incitasse

154 1229 296 1289 videatrm.
337 1230 439 1288 Facies
462 1229 539 1287 enim
562 1235 705 1307 perpetuo
729 1250 803 1307 quae
822 1229 927 1302 fecisti,
941 1237 977 1288 ut
995 1251 1097 1290 omnes

154 1323 330 1401 aequitatem
353 1328 443 1393 tuam,
471 1321 703 1398 temperantiam,
729 1319 920 1393 severitatem,
943 1321 1096 1397 integrita-

153 1419 271 1492 temque
283 1412 413 1472 laudent.
455 1410 513 1468 Sed
533 1430 579 1468 me
600 1410 740 1488 quaedam
759 1416 843 1468 tenet
863 1416 984 1488 propter
997 1411 1096 1488 singu-

153 1505 243 1563 larem
257 1523 382 1563 amorem
404 1501 518 1559 infinita
536 1500 568 1557 in
589 1504 621 1558 te
640 1501 762 1558 aviditas
776 1501 900 1577 gloriae:
921 1521 1097 1579 quamquam

153 1594 227 1652 illud
241 1593 384 1664 existimo,
399 1612 488 1670 quum
504 1591 565 1668 jam
585 1591 641 1648 tibi
660 1591 732 1649 Asia
756 1591 832 1649 siout
848 1591 901 1648 uni
919 1592 1024 1669 cuique
1043 1613 1097 1652 sua

154 1684 256 1742 domur
277 1689 349 1741 nota
370 1702 434 1740 esse
458 1681 570 1752 debeat,
593 1700 683 1757 quum
704 1681 740 1738 ad
764 1687 847 1739 tuam
867 1701 1009 1740 summam
1027 1702 1096 1759 pru·

154 1774 281 1832 dentiam
295 1778 397 1832 tantus
411 1792 483 1831 usus
497 1771 658 1842 accesserit,
672 1771 746 1828 nihil
760 1771 913 1848 essequod
927 1772 964 1829 ad
980 1772 1094 1831 laudem
1176 1815 1177 1820 κ

153 1865 278 1922 attineat
298 1863 375 1940 quod
394 1883 455 1920 non
475 1867 511 1919 tu
529 1861 638 1939 optime
656 1862 813 1940 perspicias
830 1868 860 1920 et
878 1863 934 1920 tibi
953 1883 1013 1922 non
1032 1864 1095 1923 sine

153 1955 324 2032 cujusquam
346 1952 511 2010 hortatione
533 1952 565 2010 in
587 1959 715 2010 mentem
735 1953 833 2011 veniat
856 1953 995 2030 quotidie.
1038 1955 1096 2012 Sed

153 2063 207 2120 ego
231 2043 289 2121 qui,
313 2063 403 2120 quum
424 2047 476 2100 tua
498 2042 572 2118 lego,
594 2047 625 2100 te
646 2042 754 2114 audhe,
777 2049 807 2101 et
831 2043 887 2119 qui,
902 2063 993 2119 quum
1013 2043 1052 2102 ad
1065 2050 1096 2102 te

69 2157 76 2170 ·
153 2135 256 2206 scribe,
271 2138 369 2192 tecum
382 2132 462 2210 loqui
475 2132 582 2204 videor,
595 2131 702 2190 ideirco
722 2138 753 2190 et
773 2137 826 2190 tua
843 2132 1012 2208 longissima
1025 2155 1095 2212 qua-

109 2257 112 2264 ’
152 2262 194 2309 the
215 2261 348 2322 duplicated
370 2259 475 2316 adver-bs,
498 2273 524 2305 or
550 2273 606 2306 oon-
639 2260 664 2306 in
680 2259 738 2306 such
752 2263 826 2307 terma
838 2273 864 2306 as
878 2260 957 2306 would
967 2275 1037 2307 move
1048 2275 1095 2322 any

151 2326 279 2386 junctione,
301 2339 328 2370 or
348 2324 465 2370 whatever
486 2322 543 2382 they
567 2337 607 2368 are
638 2336 696 2378 one;
712 2323 769 2368 then
787 2323 855 2382 again
872 2322 1020 2370 hereoovers
1032 2324 1094 2371 him-

153 2389 235 2435 called.
268 2388 320 2434 Τ1ιο
338 2388 421 2434 notion
438 2385 560 2432 oontaiued
581 2385 606 2430 in
638 2385 684 2432 sslf
697 2399 723 2431 so
734 2385 770 2431 t‘ar
780 2400 806 2432 as
818 2391 843 2432 to
855 2385 897 2431 ask
913 2400 951 2431 me
964 2391 990 2431 to
1003 2394 1095 2434 correct

153 2453 201 2499 this
212 2451 383 2512 duplieationis
393 2450 421 2496 of
429 2464 443 2494 a
451 2448 606 2508 generaliring
637 2448 684 2494 and
694 2448 789 2508 publlsh
799 2449 835 2494 his
844 2447 951 2494 annals.”
968 2449 1021 2494 Tha
1030 2451 1095 2496 word

153 2522 251 2572 nature,
276 2513 323 2560 and
341 2509 507 2574 ‘quamquam'
526 2525 606 2556 means
639 2510 1094 2568 ‘mouumentum’or‘monimentam‚'

155 2579 274 2624 ‘however
292 2578 311 2622 it
327 2587 380 2636 may
397 2575 442 2631 be‚'
462 2573 533 2620 ‘take
546 2574 565 2619 it
580 2587 606 2619 as
637 2573 698 2619 hom
717 2574 843 2630 ‘mone-o,'
858 2588 938 2620 means
952 2588 1000 2634 any
1011 2576 1094 2622 reoord

153 2655 201 2700 you
218 2638 282 2692 will,'
303 2639 349 2684 and
367 2639 422 2684 ‘the
438 2638 563 2697 judgment
580 2636 607 2682 ol
638 2649 665 2682 or
684 2637 811 2683 memorial.
846 2636 927 2696 Siipfle
945 2638 1054 2696 explains
1075 2640 1095 2686 it

153 2703 265 2762 poaterity
270 2699 605 2759 willbethetruerjudgment,
638 2698 670 2760 by
680 2699 792 2759 referring
803 2703 829 2745 to
842 2702 854 2755 ξ
866 2701 898 2746 26
909 2699 956 2744 and
967 2697 1007 2746 81.

153 2763 224 2822 being
234 2763 393 2822 disertangled
406 2763 465 2810 from
476 2763 507 2808 all
517 2763 606 2808 dehac·
672 2763 709 2808 16.
721 2761 860 2809 &aventon
868 2763 992 2822 incitatae]
1006 2762 1030 2810 A
1038 2777 1093 2824 pro-

153 2827 203 2872 tion
214 2825 371 2871 andiu-will!
637 2824 726 2870 verbial
747 2825 896 2885 expression3
918 2839 945 2870 as
960 2825 987 2870 in
1009 2825 1094 2874 Cicero

184 2889 345 2946 Amplissimia
364 2888 521 2933 monumentis
530 2914 557 2923 -
566 2901 606 2932 co·
639 2886 834 2948 (DeOr.ii.44)=
848 2887 973 2934 “Facilius
984 2890 1048 2935 enim
1057 2897 1094 2937 est

153 2950 247 3010 laurea]
265 2950 605 3009 Thisalludesperhapstoan
636 2954 776 3005 currentem,
803 2949 867 3010 quod
893 2951 968 3006 munt,
993 2952 1094 2999 inritare

152 3012 271 3061 historicel
281 3013 346 3058 work
362 3027 393 3058 on
409 3011 486 3058 which
501 3011 605 3061 Quintus
636 3027 706 3074 quam
734 3026 880 3059 commovere
911 3012 1093 3072 languentem.”

152 3075 275 3136 employed
286 3075 386 3120 himself.
421 3075 464 3119 See
476 3073 512 3118 Ad
521 3073 603 3120 Attii.
638 3075 726 3134 supfle.
759 3074 843 3136 Comp.
855 3075 959 3122 anniv.
972 3091 1011 3122 xv.
1028 3080 1064 3125 lo.

154 3141 191 3184 16.
214 3137 271 3182 This
280 3151 377 3194 passage
383 3136 403 3180 is
412 3136 511 3180 curicus.
536 3136 605 3182 Alter
668 3139 698 3183 Ia
709 3141 733 3183 te
743 3137 857 3197 aviditas]
877 3137 960 3198 Stlpflc
971 3139 1040 3186 tahas
1052 3141 1094 3188 ‘in

151 3200 233 3257 telling
244 3198 337 3243 Atticus
345 3199 396 3243 that
407 3198 437 3242 he
446 3197 491 3241 had
499 3197 603 3243 received
634 3199 666 3244 te’
677 3204 702 3245 to
713 3199 743 3244 be
754 3200 795 3246 the
809 3200 918 3255 ablativo,
930 3202 978 3247 like
990 3203 1031 3249 ‘in
1043 3217 1093 3250 ser.

151 3277 166 3307 a
181 3263 250 3307 letter
268 3259 329 3304 from
352 3259 463 3312 Quintus,
483 3257 601 3305 headda:
634 3261 686 3315 vis,'
705 3261 752 3306 and
769 3267 795 3307 to
813 3277 881 3308 mean
899 3264 1010 3326 ‘inyour
1022 3268 1093 3324 oase,'
1170 3277 1171 3327 l

152 3327 166 3351 ‘⁴
175 3323 218 3382 My
226 3321 321 3368 brother
328 3321 427 3366 lamenta
436 3321 471 3365 his
482 3320 602 3367 residenoe
635 3323 707 3368 ‘with
717 3329 809 3383 respect
818 3328 844 3370 to
855 3323 920 3385 you)

150 3385 175 3430 in
186 3385 243 3431 Asia
252 3384 277 3429 in
286 3383 327 3429 the
334 3383 385 3429 first
393 3387 445 3442 part
452 3381 479 3440 ol
487 3382 523 3428 his
531 3382 602 3428 letter
