2296 3752
238 207 541 268 EPISTOLARUM
561 207 680 266 LIBRI
699 208 800 266 DUO.
929 212 987 268 235

40 366 161 426 confieri
177 365 276 436 debet,
290 363 469 442 propinquos
488 383 521 422 ao
533 362 697 435 familiares,
711 363 768 442 ipsi
780 362 844 441 pari
856 363 989 422 molestia

39 456 214 515 afficiuntur
226 475 323 532 neque
347 453 409 526 sinc
429 453 554 512 lacrimis
573 453 674 512 multis
694 454 725 512 id
744 453 842 512 conari
855 459 987 531 possunt,

40 546 85 603 uti
109 545 208 621 magis
233 544 292 622 ipsi
315 543 469 602 videantur
491 543 613 602 aliorum
636 544 832 602 consolatione
858 544 988 622 indigere

39 655 129 712 quam
143 635 211 693 aliis
223 653 311 711 possa
331 653 416 691 suum
432 633 556 692 officium
573 639 737 711 praestare:
758 639 857 694 tamen
870 656 943 713 quae
956 636 988 695 in

38 723 212 800 praesentia
232 723 266 782 in
286 727 416 780 mentem
429 723 501 780 mihi
512 727 665 796 venerunt,
680 724 793 784 decrevi
805 725 886 783 brevi
903 727 940 784 ad
956 732 988 784 to

38 813 243 891 perscribere3
262 831 327 871 non
344 831 401 889 quo
424 832 458 871 aa
478 817 510 871 te
528 813 630 889 fugero
651 814 821 885 existimem,
842 815 893 872 sed
911 815 988 893 quod

38 904 172 964 forsitan
198 903 299 962 dolore
325 901 481 980 impeditus
508 902 605 961 minus
632 922 666 962 ea
691 903 857 982 perspicias.
909 905 987 980 Quid

40 1001 87 1054 est
102 994 185 1072 quod
196 999 283 1052 tanto
298 997 428 1070 operate
442 998 619 1052 commoveat
632 998 702 1052 tuus
713 993 795 1052 dolor
803 994 988 1054 intestinus?

41 1085 154 1161 Cogita
167 1083 411 1162 quemadmodum
429 1083 522 1142 adhuc
540 1083 659 1142 fortuna
675 1084 825 1143 nobiscum
839 1085 940 1163 egerit,
954 1106 989 1144 ea

40 1175 130 1233 nobis
145 1178 247 1251 erepta
265 1191 331 1231 esse
345 1191 416 1249 quae
428 1173 594 1232 homiuibus
612 1193 673 1232 non
690 1174 787 1232 minus
806 1195 891 1252 quam
904 1175 989 1234 libori

40 1284 112 1324 cara
126 1284 191 1324 esse
202 1263 321 1333 debent,
329 1262 460 1339 patriam,
470 1263 662 1335 honestatem,
674 1263 854 1341 dignitatem,
863 1266 988 1325 honores

42 1375 158 1413 omnes.
204 1354 275 1412 Hoc
299 1372 358 1412 uno
378 1352 559 1412 incommodo
587 1353 685 1412 addito
707 1353 776 1432 quid
800 1355 837 1414 ad
861 1356 989 1416 dolorem

41 1443 168 1522 adjungi
189 1442 314 1521 potuit?
342 1448 394 1501 aut
417 1442 467 1520 qui
490 1462 551 1501 non
573 1442 605 1501 in
625 1443 681 1502 illis
705 1444 792 1502 rebus
813 1446 988 1505 exercitatus

42 1535 161 1594 animus
175 1534 281 1592 callere
291 1532 352 1611 jam
370 1533 457 1592 debat
470 1523 557 1610 atque
571 1533 667 1592 omnia
679 1533 799 1592 minoris
812 1535 988 1594 aestimare?

42 1627 96 1684 An
116 1625 197 1684 illius
217 1623 321 1693 vicem,
339 1622 433 1694 credo,
453 1622 556 1681 dolosi
597 1623 721 1700 Quoties
742 1624 774 1682 in
795 1645 858 1683 eam
882 1625 988 1701 cogita·

42 1715 159 1774 tionem
175 1732 296 1772 necesse
316 1717 362 1771 est
380 1718 412 1770 ct
424 1717 460 1771 tu
471 1712 593 1786 veneris,
607 1719 638 1772 et
658 1733 712 1773 nos
726 1733 811 1792 saepe
825 1715 988 1788 incidimus,

42 1805 126 1864 hisce
138 1801 322 1881 temporibus
340 1821 401 1861 non
413 1802 537 1879 pessime
556 1821 621 1862 cum
634 1803 671 1861 iis
687 1823 750 1862 esse
770 1811 869 1864 actum
883 1804 988 1882 quibus
1013 1819 1021 1824 ‘

44 1895 110 1954 sine
132 1893 233 1953 dolore
256 1891 369 1950 licitum
390 1896 436 1950 est
462 1896 584 1950 mortem
608 1913 674 1952 oum
698 1894 759 1954 vita
785 1896 988 1958 commutare?

45 1983 128 2059 Quid
152 1987 254 2042 autem
276 1981 335 2040 fuit
354 1981 433 2059 quod
451 1981 531 2040 iilam
552 1982 607 2044 hoo
626 1989 757 2064 tempore
778 1987 816 2045 ad
834 1987 988 2046 vivendum

46 2169 504 2232 ‘Propterea'camatobeusedasa
535 2171 588 2218 skin
608 2171 670 2219 from
690 2187 740 2219 use.
774 2174 859 2220 “Mihi
941 2175 988 2222 oal-

45 2235 121 2294 single
136 2233 210 2288 word,
223 2233 271 2278 and
288 2232 329 2278 the
345 2233 504 2292 grammaticali
535 2239 682 2282 caementum
693 2236 795 2288 solorum
806 2234 911 2281 callnm”
928 2235 987 2296 (Cio.

44 2295 253 2357 proprietyofthe
264 2293 365 2341 ‘ea'was
373 2296 502 2355 neglected.
535 2297 605 2344 Tuso.
625 2297 722 2348 Quaest.
737 2311 759 2343 v.
776 2297 835 2358 32);
852 2301 917 2356 “my
933 2299 989 2358 only

46 2359 90 2406 Sea
102 2360 143 2406 De
159 2359 215 2406 Am.
226 2372 247 2404 c.
259 2359 283 2414 8,
299 2362 411 2404 note—‘⁶
421 2359 443 2404 Ii
458 2359 504 2419 ipsi
535 2360 592 2406 shoe
603 2359 623 2405 is
634 2360 674 2404 the
691 2359 776 2404 callum
793 2359 820 2403 of
833 2373 873 2418 my
883 2357 989 2405 iest.”-

45 2421 130 2482 pari:”
149 2420 233 2468 Orelli.
535 2419 717 2468 ‘Existimarez’
735 2420 816 2466 Orelli.

77 2483 230 2544 Propinqui]
259 2481 503 2544 Thisword,thsop-
570 2483 782 2542 luceam,&c.]
818 2481 987 2530 ‘Veneris'de-

45 2549 125 2608 posite
136 2547 164 2592 oi
178 2544 330 2606 ‘longinqui’
343 2546 452 2592 contains
463 2547 505 2593 the
535 2547 610 2608 pends
629 2559 660 2592 on
682 2549 792 2592 ‘necesse
813 2543 865 2592 est!
910 2545 989 2592 ‘Inci-

46 2611 151 2658 slament
169 2607 251 2669 ‘prop'
269 2608 371 2670 (prope),
387 2610 414 2656 oi
427 2609 504 2656 which
536 2608 621 2656 dimus’
640 2607 696 2655 does
712 2612 769 2664 not3
785 2608 843 2654 it'is
860 2621 875 2653 a
893 2607 990 2656 distinct

47 2671 175 2734 ‘proximi’
197 2672 239 2718 the
261 2672 401 2732 superlativa
423 2674 504 2734 (prop·
535 2672 681 2720 affirmation.
706 2669 903 2718 0n⁴incidimus'
915 2671 989 2720 Orelli

46 2735 112 2797 simi)
124 2737 146 2782 is
156 2734 223 2782 osten
234 2735 291 2780 used
302 2740 327 2781 to
335 2735 419 2796 signiiy
434 2735 504 2781 blood
534 2735 651 2782 remarks:
670 2739 685 2761 ⁴⁴
693 2735 841 2796 itiseslight
852 2733 989 2784 ἀνακόλου·

45 2800 169 2854 relatdons,
189 2798 281 2857 though
297 2798 317 2844 it
335 2798 377 2844 has
394 2813 409 2846 a
428 2798 505 2858 larges
536 2798 589 2856 θον,
609 2798 656 2846 and
674 2797 730 2844 itis
749 2798 865 2859 Sulpicius
886 2798 938 2846 that
955 2815 990 2848 we

47 2861 205 2922 signification
216 2859 342 2921 generally.
535 2876 575 2908 are
583 2861 686 2922 engaged
693 2861 755 2917 with,
765 2867 808 2908 not
816 2861 905 2919 Cicero,
912 2863 990 2911 which

79 2927 120 2972 Ea
142 2925 210 2970 nodia
226 2927 308 2982 erepta
326 2923 385 2984 ease]
420 2921 506 2970 Cacsar
536 2924 578 2971 tha
596 2926 672 2972 critias
689 2925 748 2972 have
765 2930 806 2972 too
822 2925 887 2972 often
902 2926 990 2987 torgot-

48 3002 96 3034 was
123 3001 178 3033 now
198 2990 224 3033 at
249 2986 291 3032 the
317 2985 399 3046 height
420 2985 448 3032 of
468 2985 505 3034 his
536 2985 734 3044 ten;”asifthis
745 2989 990 3063 mostuaocomplished

48 3048 506 3171 tditddtttldtgt?
538 3049 987 3174 ttsstttffltttttmtita]

50 3177 97 3223 and
107 3191 155 3223 was
171 3189 232 3237 gone
244 3179 270 3222 to
280 3175 351 3221 finish
364 3174 405 3222 the
415 3189 463 3220 war
480 3175 505 3222 in
537 3175 660 3222 Manutius
676 3176 784 3224 observes
800 3177 853 3224 that
868 3176 916 3222 this
930 3176 990 3222 form

52 3241 125 3300 Spain
151 3239 243 3300 against
268 3238 311 3284 the
332 3252 388 3285 sons
410 3237 438 3285 oi
459 3237 504 3286 Cn.
536 3239 564 3286 oi
571 3239 785 3300 expressionisnot
793 3238 851 3285 used
861 3237 892 3297 by
900 3238 989 3293 Cicero,

52 3303 178 3364 Pompeius
189 3302 300 3361 Magnus.
537 3301 686 3350 sofarashe
699 3302 786 3348 knows.
819 3299 870 3346 'l'ha
881 3313 991 3345 common

86 3365 190 3425 vallare]
222 3363 291 3420 '‘To
314 3361 345 3408 ba
370 3361 505 3408 unomen!
537 3364 696 3410 construction
706 3361 832 3408 oi‘mnto’
840 3361 860 3406 is
871 3361 912 3406 tho
922 3375 990 3406 accu-

56 3425 169 3476 ‘Callum’
190 3425 211 3472 is
231 3439 247 3472 a
266 3423 397 3482 hardanim
417 3423 444 3469 oi
464 3424 506 3470 tha
537 3420 984 3472 sadreandabladvawithout‘cnm'
