2362 3756
182 199 223 258 86
510 194 618 254 CATO
639 194 793 254 MAJOR.

181 371 246 412 mus
260 351 297 411 ad
309 351 489 429 voluptatem
505 370 568 410 esse
586 349 756 421 referenda;
776 348 854 427 quod
867 369 902 408 ex
915 369 950 409 eo
969 349 1118 409 audientes

182 442 237 500 Μ’.
254 441 375 500 Curium
389 446 420 499 et
437 442 470 499 P.
484 440 699 500 Coruncanium
712 445 813 517 optare
834 440 935 499 solitos
948 446 984 498 ut
996 440 1028 499 id
1041 441 1116 499 Sam-

180 531 292 590 nitibus
315 531 428 608 ipsique
449 531 561 609 Pyrrho
581 531 813 608 persuaderetur,
832 550 890 607 quo
910 530 1025 588 facilius
1043 531 1117 589 vinci

180 627 301 698 possent
325 641 413 697 quum
442 640 473 678 se
494 620 692 698 voluptatibus
719 620 876 678 dedissent.
917 620 1040 679 Vixerat
1062 621 1115 679 M’.

176 711 290 794 ,umus
303 731 370 768 cum
385 711 417 769 P.
427 711 519 769 Decio
533 710 584 788 qui
596 710 794 788 quinquennio
808 714 877 768 ante
891 729 958 768 eum
971 710 1115 768 conerdem

181 821 212 860 ae
235 821 288 878 pro
311 821 343 858 re
369 801 485 877 publica
508 806 612 878 quarto
639 800 794 860 consulatu
820 800 981 859 devoverat.
1023 800 1116 859 Norat

181 890 306 948 eundem
325 889 484 960 Fabricius,
499 895 585 948 norat
608 889 816 961 Coruncanius,
831 889 881 968 qui
899 909 989 966 quum
1010 909 1046 948 ex
1066 909 1116 948 sua

180 980 248 1052 vita,
261 985 326 1038 tum
340 980 448 1058 exejus
462 1000 547 1057 quem
562 980 625 1038 dico
640 980 673 1038 P.
684 980 770 1038 Decii
782 980 860 1038 facto
870 979 1040 1058 judicabant
1053 999 1115 1038 esse

180 1069 310 1147 profecto
324 1069 432 1146 aliquid
444 1075 550 1128 natura
569 1070 723 1147 pulchrum
742 1075 830 1146 atque
849 1069 1028 1146 praeclarum
1040 1070 1115 1146 quod

181 1180 233 1218 sua
247 1165 351 1238 sponte
364 1164 522 1236 peteretur,
537 1159 670 1237 quodque
684 1164 782 1236 spreta
795 1164 826 1218 et
839 1164 1006 1237 contempta
1018 1160 1114 1236 volun

138 1247 142 1258 ’
180 1255 243 1308 tate
266 1249 393 1327 optimus
417 1249 538 1326 quisque
561 1254 740 1326 sequeretur.
779 1252 828 1306 44.
857 1249 1004 1322 Quorsum
1026 1248 1116 1325 igitur

180 1345 242 1398 tam
265 1340 359 1398 multa
381 1340 417 1397 de
436 1339 610 1416 voluptate?
651 1337 728 1412 Quia
753 1357 815 1396 non
837 1338 924 1396 modo
942 1338 1116 1416 vituperatio

180 1429 268 1501 nulla,
283 1429 434 1488 sedetiam
447 1449 559 1487 summa
571 1428 634 1486 laus
649 1428 808 1486 senectutis
822 1433 868 1486 est
881 1427 959 1506 quod
972 1448 1006 1486 ea
1018 1428 1116 1506 volup-

180 1524 258 1577 tates
283 1519 378 1577 nullas
404 1537 509 1594 magno
536 1537 622 1594 opere
651 1516 804 1576 desiderat.
844 1518 888 1576 At
917 1523 996 1576 caret
1023 1519 1117 1596 epulis

182 1609 393 1686 exstructisque
406 1607 514 1665 mensis
528 1612 558 1664 et
571 1606 772 1682 frequentibus
785 1607 904 1684 poculis.
947 1608 1035 1666 Curet
1048 1628 1117 1686 ergo

181 1698 268 1755 etiam
282 1696 441 1756 vinolentia
453 1701 484 1753 et
497 1695 641 1753 cruditate
654 1701 686 1753 et
698 1695 858 1755 insomniis.
900 1697 958 1756 Sed
971 1697 997 1755 si
1009 1697 1119 1775 aliquid

181 1785 307 1843 dandum
327 1790 373 1843 est
385 1784 537 1860 voluptati,
551 1784 687 1862 quoniam
707 1785 771 1863 ejus
790 1786 938 1844 blanditiis
958 1807 1019 1845 non
1035 1787 1118 1847 facile

181 1873 356 1944 obsistimus,
379 1873 474 1932 divine
496 1874 573 1932 enim
594 1873 679 1933 Plato
703 1895 798 1934 escam
824 1877 964 1936 malorum
991 1879 1118 1956 appellat

179 1964 367 2040 voluptatem,
381 1963 458 2039 quod
471 1983 506 2021 ea
517 1963 651 2022 videlicet
669 1965 800 2024 homines
820 1967 972 2044 capiantur
983 1974 1019 2026 ut
1031 1969 1119 2028 hamo

179 2053 281 2130 pisces,
308 2072 480 2130 quamquam
512 2053 709 2112 immoderatis
743 2055 836 2133 epulis
866 2061 945 2115 caret
972 2063 1119 2132 senectus,

179 2142 299 2201 modicis
325 2147 425 2200 tamen
449 2143 586 2202 conviviis
611 2148 710 2221 potest
733 2143 878 2204 delectari.
920 2147 953 2206 Ο.
974 2147 1119 2221 Duilium,

179 2329 239 2376 form
251 2328 303 2376 that
313 2329 355 2376 the
365 2329 444 2376 wisest
456 2329 503 2376 and
513 2328 567 2376 best
578 2344 633 2376 men
663 2327 733 2386 tried,
743 2330 791 2376 and
800 2330 859 2378 have
873 2331 951 2380 failed.
983 2334 1120 2383 Thenoble

179 2393 226 2440 will
236 2392 382 2453 notdispute
397 2393 425 2448 it,
441 2392 517 2438 shows
528 2393 581 2438 that
591 2392 633 2438 the
665 2391 758 2439 Roman
770 2393 796 2440 P.
809 2394 896 2442 Decius
908 2394 959 2457 (the
975 2402 1040 2458 story
1056 2399 1077 2444 is
1093 2401 1120 2444 in

179 2457 273 2516 general
291 2456 426 2516 expression
445 2456 465 2502 is
483 2470 566 2515 vagus,
585 2455 633 2501 and
664 2453 724 2516 Livy
734 2470 758 2502 x.
770 2456 823 2519 28),
835 2457 888 2504 who
898 2459 1017 2506 sacrificed
1029 2461 1067 2506 his
1078 2461 1120 2506 lise

179 2520 232 2566 that
242 2519 325 2580 people
335 2533 390 2578 may
397 2519 512 2578 interpret
522 2518 542 2564 it
552 2518 630 2564 differ·
663 2517 699 2564 ior
716 2518 754 2566 his
772 2523 880 2580 country,
898 2521 966 2567 acted
983 2522 1059 2568 under
1076 2523 1120 2568 the

179 2583 251 2690 {tlt
265 2581 379 2689 iffi
391 2581 632 2690 mffilltffllolhl
663 2581 795 2690 illl?
813 2581 1011 2692 lsnffiimdu‘ld
1027 2584 1067 2631 ‘¹³⁰
1081 2585 1121 2632 ‘⁰‘

179 2706 283 2778 toknow
294 2706 347 2750 how
357 2659 479 2776 toypursue
495 2705 556 2750 their
572 2659 630 2766 hair-
662 2707 713 2751 tion
723 2706 751 2754 of
758 2649 824 2767 diidy:
832 2707 876 2754 but
883 2660 1121 2781 shllpilwnoilffi

178 2765 630 2889 ttttl‘zttttsstlntfft
662 2767 978 2880 mmm:
991 2771 1121 2882 ῗὲἴξὲἒὲ

178 2891 295 2952 pensities,
306 2905 332 2936 as
342 2891 394 2937 love
404 2891 430 2936 oi
436 2891 528 2946 weahh,
539 2892 631 2938 ualted
661 2891 698 2937 his
709 2891 756 2938 lise.

178 2955 272 3009 station,
294 2953 341 3000 and
360 2967 385 2999 so
402 2953 481 3009 sorth;
503 2953 550 2999 and
569 2959 630 3000 most
692 2955 727 3000 At
739 2959 812 3011 caret,
825 2957 880 3017 dic]
900 2957 930 3004 In
941 2973 1006 3005 sos
1014 2959 1120 3008 editions

178 3017 295 3078 generally
310 3015 409 3063 without
425 3031 470 3076 any
490 3015 563 3062 heliet'
578 3017 630 3062 that
661 3016 1120 3084 anoteofinterrogationisincorrectly

177 3081 235 3142 they
255 3094 295 3126 are
316 3093 348 3126 on
364 3078 406 3126 the
424 3079 500 3126 whole
516 3079 630 3139 pursuing
661 3077 743 3138 placed
763 3079 823 3126 atter
844 3083 965 3142 ‘poculis'
1008 3083 1074 3132 ‘At'
1098 3087 1120 3132 is

177 3143 239 3190 their
254 3143 388 3203 happiness.
420 3143 472 3189 ΤῙιθ
488 3141 594 3188 doctrine
609 3142 629 3188 is
661 3141 759 3188 omitwd
769 3142 794 3188 in
806 3158 876 3204 many
888 3145 960 3192 MSS.

177 3206 319 3253 unsoundin
329 3205 445 3252 whatever
454 3220 505 3266 way
515 3204 626 3265 itisput.
694 3205 952 3268 Quamquam-caree]
979 3207 1059 3256 'stete
1070 3211 1092 3259 is
1103 3227 1119 3258 a

177 3269 202 3316 It
221 3269 242 3315 is
263 3283 309 3315 one
330 3268 358 3315 os
373 3268 414 3314 the
436 3283 507 3328 many
525 3267 627 3316 theorias
658 3267 754 3328 rading
771 3268 878 3328 ‘cerem'
889 3269 966 3318 which
981 3285 1048 3320 som
1064 3273 1118 3322 edi-

176 3331 293 3378 hroachcd
308 3331 334 3377 in
349 3331 446 3378 modern
462 3332 540 3386 times,
553 3331 629 3378 which
660 3333 709 3377 tora
720 3329 803 3392 prefer.

176 3392 235 3440 have
251 3393 311 3440 been
329 3393 445 3441 broached
462 3392 549 3452 heloro,
568 3393 628 3440 been
