2296 3752
149 181 208 240 252
250 177 474 239 CICERONIS
495 175 793 236 EPISTOLARUM
813 177 936 236 LIBRI
956 179 1057 238 DUO.

149 337 295 415 praeclara
308 337 340 394 in
352 355 414 394 rem
427 335 571 413 publicam
582 333 685 393 merita
695 333 732 392 ad
741 333 865 393 nihilum
881 353 948 393 esse
957 339 1088 394 ventura.

149 427 200 487 Ita
212 428 290 487 enim
302 428 426 486 Romam
440 431 502 485 erat
512 426 690 498 nuntiatum,
700 425 744 482 ita
757 444 931 502 persuasum
945 425 1088 498 omnibus,
1131 499 1132 504 η

150 537 216 578 oum
229 517 329 595 paucis
342 517 461 575 inermis
479 516 643 594 perterritis
661 520 743 574 metu
760 515 852 574 fracto
867 515 967 575 animo
980 516 1089 594 fugisse
1131 507 1132 584 ᾗ

149 607 322 668 Antonium.
364 607 424 682 Qui
437 607 463 666 si
475 607 518 666 ita
531 628 562 666 se
575 607 663 666 habet
676 611 720 678 ut,
734 606 980 684 quemadmodum
994 607 1089 666 audie-
1131 587 1132 662 l

149 699 216 758 bam
229 697 265 757 de
280 697 428 770 Graeceio,
439 697 555 774 confligi
569 717 636 755 oum
648 716 682 755 eo
699 696 761 755 sine
774 696 904 774 periculo
914 717 979 756 non
988 698 1088 776 possit,
1131 735 1132 772 p

148 809 210 848 non
232 789 281 848 ille
304 788 376 846 mihi
395 788 505 865 fugisse
525 807 543 846 a
562 787 683 846 Mutina
702 786 817 846 videtur
837 787 890 846 sed
908 788 1089 848 locumbelli
1131 777 1132 844 ζ

149 879 269 956 gerendi
287 883 424 937 mutasse.
465 878 570 954 Itaque
589 877 721 936 homines
741 877 789 934 alii
807 875 880 935 facti
900 883 993 949 sunt;
1017 898 1089 937 non-

148 969 223 1028 nulli
237 968 324 1027 etiam
337 972 502 1046 quenmtur
514 967 592 1045 quod
604 966 750 1045 persecuti
762 985 823 1026 non
836 966 909 1028 sitis.
954 968 1089 1046 Opprimi

148 1059 287 1136 potuisse,
302 1057 328 1117 si
341 1058 473 1116 celeritas
490 1057 620 1116 adhibita
638 1062 724 1127 esset,
738 1057 914 1115 existimant.
958 1058 1088 1117 Omnino

148 1154 194 1208 est
207 1150 261 1208 hoc
274 1148 383 1228 populi,
402 1147 581 1226 maximeque
594 1147 697 1220 nostri,
711 1147 790 1206 ineo
803 1147 992 1224 potissimum
1006 1149 1088 1210 abuti

147 1240 283 1300 libertate
296 1260 349 1319 per
362 1259 448 1318 quem
461 1259 525 1298 eam
537 1243 712 1298 consecutus
726 1237 775 1302 sit,
815 1238 873 1296 Sed
881 1243 985 1298 tamen
994 1239 1086 1318 provi·

148 1331 276 1391 dendum
288 1336 335 1390 est
347 1351 385 1389 ne
399 1349 456 1407 qua
465 1330 547 1408 justa
561 1329 678 1406 querela
697 1347 762 1387 esse
780 1328 882 1406 possit.
923 1329 987 1388 Res
1001 1350 1033 1389 se
1047 1331 1086 1389 sio

148 1421 244 1481 habet.
284 1421 317 1480 Is
338 1421 447 1481 bellum
469 1419 626 1478 confecerit
639 1419 689 1496 qui
712 1419 878 1478 Antonium
898 1421 1084 1499 oppresserit.

147 1513 216 1572 Hoc
231 1532 317 1592 quam
329 1511 387 1572 vim
400 1510 506 1570 habeat
518 1515 550 1569 te
568 1509 733 1569 existimare
750 1510 825 1568 malo
843 1529 932 1588 quam
944 1530 993 1572 me
1007 1531 1085 1590 aper·

146 1604 207 1664 tius
221 1605 354 1664 scribere.

179 1767 303 1828 Nihilum]
337 1765 395 1814 This
417 1767 481 1815 word
502 1767 523 1814 is
544 1765 598 1814 ‘ne'
630 1767 689 1814 used
704 1767 811 1814 however
821 1770 847 1814 to
858 1765 944 1828 signily
954 1780 1085 1828 somevety

146 1832 193 1878 and
215 1830 321 1878 ‘hilum’
355 1831 379 1876 It
397 1831 417 1877 is
436 1831 494 1878 used
515 1831 540 1876 in
557 1831 599 1877 the
631 1831 699 1877 small
714 1831 803 1890 hiding
818 1830 894 1890 thing,
910 1831 1035 1877 asallttle
1051 1831 1086 1876 hit

146 1895 282 1950 accusative,
301 1893 402 1952 genitive
421 1891 527 1956 (nihill);
551 1893 599 1939 and
630 1893 657 1939 of
665 1897 741 1950 straus¹
753 1907 780 1940 or
789 1908 804 1939 a
814 1893 945 1953 projecting
959 1893 1044 1940 thread
1054 1908 1085 1939 on

146 1957 254 2012 ablativo,
272 1955 535 2014 asin‘nihllominus;'
552 1956 600 2002 and
630 1956 728 2016 apieoa
742 1956 771 2012 of
785 1956 857 2012 eloth,
872 1969 900 2002 or
915 1956 957 2002 the
971 1956 1028 2003 like.
1062 1957 1085 2002 lt

147 2021 173 2066 in
183 2019 313 2075 Lucretius,
323 2018 339 2064 i.
351 2020 406 2066 265.
631 2033 713 2066 occurs
731 2021 756 2065 in
774 2018 871 2065 theold
888 2023 963 2079 poete,
978 2019 1027 2065 and
1043 2019 1085 2065 has

224 2138 289 2150 —·
299 2112 393 2160 “docui
403 2113 437 2159 nil
447 2127 517 2174 posse
527 2113 600 2160 creati
630 2081 817 2200 {lhffi‘i'ffingm
830 2081 902 2142 ¹⁰¹¹&
917 2095 944 2128 ⁸⁸
959 2081 987 2128 l¹¹
997 2081 1083 2129 Lm·

146 2176 456 2262 D⁰.¹¹.iffi¹⁰·¹1⁰‘¹¹¹⁰.}l⁰¹¹²
474 2176 553 2237 &enim
568 2176 599 2222 ’ἃ
661 2208 725 2268 aaa]
778 2207 864 2254 “uon
897 2207 988 2266 usage
1024 2207 1085 2254 nea

177 2241 397 2288 mmmmm·
629 2270 732 2318 minds.”
774 2271 842 2332 They
862 2269 915 2317 who
937 2270 1042 2331 thought
1059 2285 1084 2317 so

145 2336 197 2384 'l'he
225 2336 349 2384 sholtened
371 2335 443 2382 forms
469 2334 496 2382 of
520 2335 539 2382 it
559 2349 599 2381 are
629 2335 682 2381 well
700 2333 728 2380 of
743 2348 803 2396 your
821 2333 928 2394 explode,
945 2347 999 2380 now
1014 2333 1084 2396 hegin

146 2400 220 2446 ‘nihil
248 2399 295 2448 and
317 2398 380 2446 ‘nil'
420 2399 472 2446 The
493 2399 598 2444 Romans
628 2397 850 2459 todlsparageyon.

145 2463 187 2510 did
203 2467 246 2511 not
264 2478 327 2511 seem
345 2466 371 2510 to
387 2461 417 2509 he
430 2462 495 2523 quite
509 2461 596 2508 certain
659 2461 690 2506 In
711 2461 749 2521 eo]
784 2465 799 2488 ‘⁴
812 2460 843 2507 In
863 2458 906 2506 tho
927 2472 982 2507 case
998 2459 1027 2506 of
1044 2460 1083 2507 tha

146 2526 209 2574 what
236 2525 331 2574 ‘hilum'
359 2525 480 2586 originally
508 2528 595 2571 meant.
627 2537 715 2586 person
731 2523 759 2572 ol
776 2523 808 2571 all
825 2523 912 2580 others,
929 2522 963 2584 hy
978 2523 1082 2580 whom,”

145 2589 223 2636 There
238 2589 258 2637 is
276 2605 307 2636 an
325 2586 515 2651 explanationes
530 2588 550 2633 it
565 2587 597 2648 hy
629 2589 672 2634 dcc.

146 2651 230 2702 Festus
245 2668 267 2701 v.
284 2653 375 2701 Hilum.
406 2652 458 2701 Tha
471 2650 535 2699 word
549 2663 597 2698 was
