2296 3752
256 181 557 242 EPISTOLABUM
577 182 696 240 LIBRI
713 181 817 267 ιΙΠἹΟ.
945 184 1004 240 221

57 338 152 417 possit
165 337 325 408 accedere;
345 337 422 414 quod
443 336 629 413 sperabamus
648 335 710 394 fieri
728 355 823 413 posse.
863 335 1004 394 Delectus

58 429 136 486 enim
148 447 276 504 magnos
289 427 481 496 habebamus;
495 426 727 502 putabamusque
740 425 823 484 illum
836 431 965 484 metuere
979 425 1005 484 si

59 518 96 576 ed
108 519 227 577 Urbem
240 517 284 575 ire
298 517 439 593 coepisset
453 535 491 574 ne
507 515 618 574 Gellius
636 515 800 574 amitteret:
822 535 892 592 quae
906 515 1004 574 ambas

59 607 148 666 hebet
168 606 392 677 inimicissimae,
409 610 524 682 praeter
538 604 776 680 Transpadanos:
798 623 833 661 ex
847 603 1003 680 Hispania·

60 717 117 774 que
141 716 194 755 sex
217 695 348 771 legiones
369 699 399 752 et
422 713 527 770 magna
550 693 664 765 auxilia,
686 692 808 750 Afranio
832 697 863 750 et
888 694 1003 752 Petreio

60 785 195 856 ducibus,
209 785 300 842 habet
320 803 338 841 a
356 787 448 858 tergo.
488 782 654 854 Videbitur,
669 782 694 839 ri
707 782 840 854 insaniet,
855 801 940 859 posse
954 802 1003 859 op·

59 874 165 952 primi;
188 872 276 931 modo
299 877 335 930 nt
353 872 436 930 Urbe
460 873 544 930 salva.
586 871 745 930 Maximam
768 877 866 929 autern
889 871 1003 948 plegem

60 963 183 1040 accepit,
192 962 272 1038 quod
280 961 307 1019 is
317 961 366 1037 qui
377 980 517 1018 summam
530 961 735 1019 auctoritatem
745 959 777 1017 in
786 960 864 1018 illiue
875 961 1004 1020 exercitu

60 1052 197 1122 habebat,
212 1051 244 1108 Τ.
260 1049 416 1121 Labienus,
431 1050 525 1108 socius
540 1049 655 1108 sceleris
676 1069 739 1108 esre
753 1049 866 1121 noluit;
886 1049 1004 1126 reliquit

60 1139 144 1198 illum
159 1145 190 1197 et
202 1139 355 1198 nobiscum
369 1143 432 1196 est:
453 1139 595 1215 multique
613 1137 690 1196 idem
706 1138 813 1196 facturi
826 1158 889 1196 esse
904 1138 1003 1198 dicun·

60 1233 121 1287 tur.
156 1228 220 1304 Ego
234 1228 329 1286 adhuc
343 1245 409 1284 orae
422 1227 583 1284 maritimae
593 1227 898 1303 praesumaFormiis.
928 1228 959 1285 N
961 1228 1002 1286 ul-

61 1317 123 1375 lum
136 1318 231 1395 majus
244 1315 396 1392 negotium
415 1316 560 1393 suscipere
573 1315 659 1387 volui,
674 1335 731 1392 quo
744 1315 811 1393 plus
831 1316 909 1393 epud
920 1316 1003 1374 illum

61 1425 143 1464 meae
169 1407 274 1464 literae
296 1405 567 1481 cohortationesque
590 1404 627 1463 ad
649 1424 750 1482 paoem
772 1405 909 1464 valerent.
951 1407 1003 1466 Sin

61 1500 162 1553 autem
182 1495 239 1553 erit
256 1494 375 1564 bellum,
388 1494 471 1552 video
491 1513 537 1552 me
556 1493 658 1552 cestrie
680 1499 710 1552 et
732 1495 819 1552 certis
840 1495 1002 1571 legionibus

61 1583 276 1660 praefuturum.
317 1583 422 1640 Habeo
443 1582 532 1640 etium
552 1581 630 1640 illem
650 1583 811 1641 molestiam
824 1584 902 1661 quod
915 1585 1002 1644 Dola·

61 1672 140 1730 bella
163 1679 267 1731 noster
288 1671 366 1748 apud
390 1671 542 1730 Caesarem
567 1677 620 1729 est.
661 1673 745 1731 Heec
769 1673 825 1732 tibi
847 1679 919 1732 nota
939 1694 1002 1733 esee

62 1760 159 1819 volui:
180 1781 254 1838 quae
276 1779 344 1818 cave
361 1779 399 1818 ne
418 1764 450 1818 te
469 1760 643 1837 perturbent
664 1767 695 1818 et
717 1761 878 1838 impediant
893 1762 1002 1820 valetu-

63 1849 160 1910 dinem
173 1855 265 1908 tuam.
306 1850 369 1924 Ego
380 1849 417 1906 A.
427 1849 561 1920 Varroni,
573 1869 658 1927 quem
670 1871 759 1926 quum
772 1851 1002 1912 amantissimum

63 1938 122 1996 mei
134 1939 256 2015 cognovi
269 1943 334 1996 tum
347 1938 435 1996 etiam
446 1938 528 1996 valde
541 1939 587 1995 tui
601 1939 771 2011 studiosum,
783 1941 1002 2017 diligentissime

62 2033 95 2085 te
115 2027 320 2099 commendavi,
334 2033 370 2084 ut
390 2033 420 2084 et
439 2027 612 2086 valetudinis
632 2035 701 2087 tuae
720 2030 863 2088 rationem
882 2031 1002 2090 haberet

64 2120 94 2174 et
107 2115 309 2192 navigationis,
324 2120 354 2173 et
367 2119 464 2173 totum
476 2122 508 2173 te
522 2116 682 2193 susciperet
700 2137 733 2176 ae
746 2124 895 2178 tueretur:
917 2140 1003 2196 quem

64 2204 161 2262 omnia
173 2204 321 2262 facturum
335 2204 465 2274 confid03
485 2205 595 2282 recepit
608 2206 685 2263 enim
706 2211 737 2264 et
756 2227 869 2265 mecum
887 2209 1002 2270 locutus

64 2298 110 2350 est
124 2292 302 2351 suavissime.
342 2293 388 2351 Tu
398 2293 534 2370 quoniam
548 2301 581 2351 e'o
595 2299 725 2370 tempore
738 2316 850 2355 mecum
865 2317 1002 2357 essenon

96 2431 262 2480 Habebamus
256 2431 427 2490 putabamur]
448 2429 517 2490 Epis·
549 2430 720 2492 bestlegatiin
732 2433 815 2488 Gallia,
826 2434 879 2480 who
894 2435 1002 2483 nowlest

64 2486 239 2552 tolnrytens'ee,
248 2492 345 2539 eeeNo.
359 2493 396 2547 ll,
407 2493 463 2537 lib.'
456 2507 473 2537 ι.
549 2492 643 2549 Caesar,
654 2466 923 2542 andwentov’ertothe
933 2503 1003 2558 party

99 2554 311 2613 staucpadanoer]
346 2553 398 2600 The
431 2553 516 2613 people
548 2555 576 2600 ol
591 2527 723 2615 Ponipeius,
734 2557 812 2603 which
823 2557 1001 2618 didnotgeteo

65 2616 137 2662 north
147 2615 174 2661 of
188 2615 229 2662 the
240 2615 274 2660 Po
284 2629 345 2660 were
360 2615 452 2662 zeelem
463 2629 517 2675 par·
550 2617 622 2662 much
633 2617 693 2663 from
707 2618 744 2664 his
755 2619 872 2666 desertior
883 2634 908 2666 ae
920 2621 1001 2668 Cicero

65 2679 140 2724 unns
158 2677 295 2731 osCeeeer,
306 2691 444 2736 aswemay
456 2677 519 2723 inler
549 2679 672 2737 expected.
705 2679 1002 2736 Caesertreetedthede-

65 2739 193 2787 lromtbie.
207 2737 278 2800 (Bell.
291 2738 353 2784 Gall.
365 2739 411 2784 viii.
423 2692 474 2800 dl.)
552 2693 626 2787 seiter
647 2741 703 2824 with
725 2747 853 2802 contempt.
890 2743 928 2790 lle
949 2750 1002 2792 sent

97 2802 173 2848 Modo
189 2805 217 2846 ut
238 2800 312 2860 Urbe]
347 2800 400 2846 One
418 2801 461 2846 hae
474 2800 519 2846 sel-
551 2801 593 2847 the
601 2801 772 2864 mensmoney
780 2805 827 2850 end
834 2804 1003 2865 baggegeafter

66 2862 122 2909 dom
133 2867 159 2908 to
170 2863 287 2922 complain
297 2861 325 2907 of
336 2862 436 2909 wantos
444 2867 518 2921 steps,
550 2863 608 2910 him.

65 2925 113 2971 end
130 2929 171 2984 yet
188 2924 245 2970 here
258 2923 335 2970 where
351 2924 392 2970 the
409 2938 519 2970 common
581 2926 657 2984 Apud
666 2926 746 2986 illum]
768 2926 807 2972 He
818 2941 897 2974 means
909 2928 1001 2986 Caesar,

66 2986 168 3033 editione
178 2991 223 3046 put
232 3001 248 3032 a
258 2999 350 3031 comma
363 2985 459 3032 before‘
467 2999 519 3030 mo·
550 2987 592 3033 the
610 2987 711 3047 rapidity
724 2988 751 3033 ol
763 2989 842 3035 whose
858 2999 1003 3040 movemente

67 3049 115 3104 do,'
126 3042 519 3106 thereoughttobealergerstop,
551 3048 710 3096 disconcerted
719 3050 756 3095 bre
767 3057 907 3111 opponente

66 3110 88 3156 ir
100 3125 148 3170 any
165 3125 204 3157 ere
221 3109 287 3155 used.
318 3108 371 3154 'rho
387 3109 461 3155 verb‘
469 3107 519 3154 fiet'
579 3111 682 3195 Recepit
703 3113 776 3171 enim]
813 3113 883 3160 “For
900 3113 931 3160 he
949 3130 1003 3175 pro-

67 3171 164 3246 praybe
177 3171 291 3232 supplied.
325 3171 362 3216 “I
383 3171 438 3230 only
459 3170 522 3244 hope
553 3171 652 3217 misedfl
694 3172 775 3220 Cicero
797 3174 843 3220 hed
864 3175 935 3221 celred
954 3177 1004 3222 him

67 3234 87 3279 it
108 3247 177 3341 mayn
181 3233 211 3280 be
229 3233 291 3279 done
312 3230 392 3280 before
412 3231 454 3278 the
475 3233 522 3292 city
554 3237 595 3279 ‘ut
615 3234 765 3296 eusdperetff
787 3236 862 3281 and‘
869 3250 921 3280 rece
922 3237 964 3294 pit'
983 3238 1004 3282 is

554 3295 595 3340 the
613 3310 682 3354 accep
683 3301 751 3341 tanco
767 3310 794 3342 or
808 3296 964 3356 undutakim
980 3297 1007 3343 ol

103 3357 131 3404 T.
113 3309 282 3414 Ἷαῠίιιιιιιι]
312 3353 403 3402 Oneol
417 3353 523 3402 Caesar'e
554 3357 756 3402 whatweeaeked
765 3371 793 3404 or
802 3356 924 3416 proposed
