2296 3752
170 149 230 208 240
406 147 452 206 M.
474 147 620 206 TULLII
642 148 868 208 CICERONIS

169 301 220 380 qui
242 300 334 362 filium
357 302 546 372 consularem,
570 301 680 360 clarum
702 303 797 360 vnum
824 308 856 361 et
882 322 992 380 magnis
1019 302 1108 361 rebus

167 392 258 468 gestis
279 391 393 462 amisit;
414 397 445 449 et
464 393 499 450 L.
515 392 642 462 Paullus,
657 391 707 468 qui
725 393 783 450 duo
805 397 917 469 septem
936 393 1054 464 diebus;
1074 399 1108 450 et

167 487 264 540 vester
288 481 399 552 Gallus,
420 485 452 539 et
472 483 517 538 M.
533 481 616 552 (lato,
637 481 687 557 qui
711 501 824 540 summo
849 482 974 558 ingenie,
994 502 1108 540 summa

167 571 276 630 virtute
294 571 386 630 filium
403 571 607 650 perdidit-iis
626 571 808 648 temporibus
826 571 945 630 fuerunt
958 576 992 630 ut
1006 592 1107 630 eorum

166 663 279 720 luctum
305 663 434 738 ipsorum
461 661 587 738 dignitas
614 661 813 719 consolaretur
839 681 874 720 ea
901 681 985 738 quam
1011 681 1046 719 ex
1073 682 1106 719 re

166 753 283 830 publica
295 752 554 829 consequebantur.
589 751 667 808 Mihi
680 755 787 823 autem,
802 751 915 809 amissis
928 749 1107 818 ornamentis

166 842 203 900 iia
224 862 297 918 quae
318 843 380 918 ipse
401 861 606 900 commemoras
626 859 756 917 quaeque
778 851 857 898 cr‘am
878 840 1007 898 maximis
1026 841 1105 898 labo·

166 931 247 988 ribus
260 931 390 1007 adeptus,
400 951 492 988 unum
501 930 637 988 manebat
649 929 723 988 illud
736 929 871 988 solatium
882 930 959 1006 quod
972 935 1107 1006 ereptum
1125 989 1126 1010 ¹

166 1025 220 1077 cst.
261 1020 333 1077 Non
352 1019 508 1077 amicorum
526 1019 662 1094 negotiis,
677 1039 737 1077 non
756 1019 800 1076 rei
819 1020 951 1096 publicae
970 1039 1105 1096 procura·
1125 1035 1126 1054 ³

166 1109 247 1166 tione
259 1109 491 1186 impediebantur
501 1107 692 1183 cogitationes
705 1128 802 1166 meae:
816 1109 891 1166 nibil
903 1109 935 1165 in
945 1108 1007 1166 foro
1018 1127 1106 1183 agere
1125 1103 1126 1164 l

165 1199 293 1270 libebat;
313 1199 459 1276 adspicere
473 1198 583 1256 curiam
601 1218 663 1255 non
681 1204 831 1275 poteram;
852 1198 1061 1270 existimabam,
1075 1199 1106 1257 id
1125 1249 1126 1260 .

166 1288 244 1365 quod
263 1293 334 1360 erat,
348 1307 447 1346 omnes
465 1307 511 1344 me
533 1293 564 1344 et
586 1287 747 1346 industriae
767 1307 848 1346 meae
867 1288 980 1346 fructus
1000 1292 1031 1344 et
1047 1287 1105 1345 ar.
1125 1273 1126 1320 l

165 1385 255 1438 tunae
273 1378 439 1456 perdidisse.
481 1376 537 1434 Sed
550 1396 639 1453 quum
657 1377 814 1452 cogitarem
833 1377 904 1435 baec
922 1375 992 1434 mihi
1005 1382 1105 1434 tecum
1125 1371 1126 1448 l

166 1474 196 1526 ct
220 1488 286 1526 cum
307 1467 477 1545 quibusdam
500 1485 563 1524 esse
587 1466 758 1537 communia,
779 1471 810 1524 et
830 1486 920 1543 quum
939 1466 1106 1541 frangerem
1125 1449 1126 1516 l

162 1558 224 1635 jam
244 1557 306 1633 ipse
330 1577 375 1632 me
398 1574 585 1632 cogeremque
606 1556 655 1614 illa
678 1555 754 1613 ferre
773 1556 940 1627 toleranter,
961 1554 1105 1638 habebam
1125 1545 1126 1588 l

166 1666 222 1724 quo
236 1646 430 1723 confugerem,
443 1645 495 1702 ubi
511 1645 751 1722 conquiescerem,
766 1645 849 1722 cujus
867 1645 899 1702 in
919 1664 1056 1702 sermone
1076 1651 1106 1703 et
1125 1629 1126 1706 l

166 1737 307 1794 suavitate
336 1754 436 1793 omnes
464 1754 547 1792 curas
575 1734 744 1811 doloresque
775 1734 956 1811 deponerem.
1014 1727 1126 1793 Nunc*

165 1831 263 1883 autem
275 1825 330 1882 hoc
343 1830 404 1884 tam
419 1824 499 1899 gravi
512 1823 630 1882 vnlnere
649 1824 737 1882 etiam
750 1824 807 1896 illa,
822 1844 895 1900 quae
914 1825 1105 1882 consanuisse

165 1913 344 1983 videbantur,
363 1913 579 1971 recrudescunt.
620 1914 692 1971 Non
713 1913 798 1986 enim,
819 1920 854 1972 ut
876 1919 941 1971 tum
964 1933 1014 1972 me
1036 1935 1055 1974 a
1075 1915 1126 1973 rel

163 2002 279 2080 publica
290 2007 433 2060 maestum
447 2002 548 2060 domus
567 2002 728 2080 excipiebat
742 2023 815 2080 quae
828 2004 946 2074 levaret,
960 2003 1004 2061 sic
1025 2024 1105 2062 nunc
1125 1995 1126 2062 l

164 2093 248 2151 domo
270 2112 400 2150 maerens
419 2093 455 2150 ad
471 2092 690 2169 rempublicam
704 2092 860 2170 confugere
879 2112 1000 2170 possum
1019 2100 1057 2152 ut
1076 2095 1106 2151 in
1125 2087 1126 2120 ³

164 2183 226 2261 ejus
246 2183 330 2242 bonis
351 2183 536 2259 acquiescam.
577 2181 683 2259 Itaque
703 2187 734 2239 et
752 2182 836 2241 domo
857 2182 1011 2241 absumet
1032 2183 1104 2254 foro,
1125 2175 1126 2216 l

163 2275 241 2350 quod
259 2293 314 2332 nec
335 2293 401 2330 eum
422 2272 548 2330 dolorem
567 2290 653 2347 quem
673 2291 690 2328 a
709 2291 741 2329 re
761 2271 876 2349 publica
895 2271 977 2348 capio
1000 2272 1105 2332 domus

159 2363 220 2440 jam
241 2363 380 2422 consolari
398 2365 503 2440 potest,
517 2380 571 2418 nec
592 2361 781 2419 domesticum
800 2381 847 2420 res
867 2361 996 2438 publica..
1038 2365 1105 2438 Quo
1125 2363 1126 2432 l

163 2453 253 2529 magis
280 2458 311 2510 te
338 2456 481 2528 exspecto,
509 2455 596 2527 teque
619 2451 716 2508 videre
739 2470 826 2527 quam
851 2451 978 2528 primum
1007 2455 1103 2532 cupio.

163 2541 261 2620 Major
281 2542 351 2599 mihi
370 2541 474 2599 levatio
495 2541 590 2598 afferri
608 2541 689 2598 nulla
707 2546 806 2618 potest
826 2561 912 2619 quam
932 2543 1104 2621 conjunctio

163 2631 380 2690 consuetudinis
400 2649 620 2708 sermonumque
636 2636 821 2702 nostrorum;
842 2652 1018 2709 quamquam
1040 2655 1103 2714 spe·

161 2718 259 2776 rabam
269 2727 353 2778 tuum
367 2721 532 2792 advenum,
543 2720 584 2778 sic
597 2720 674 2778 enim
688 2721 849 2792 audiebam,
858 2722 1101 2801 appropinquare.

161 2809 224 2884 Ego
238 2814 336 2868 autem
346 2830 435 2886 quum
449 2811 549 2868 multia
560 2811 699 2869 decausis
713 2816 743 2870 te
757 2815 861 2888 exopto
872 2831 959 2886 quam
973 2815 1102 2890 primum

162 2969 211 3031 40.)
244 2970 271 3016 C.
285 2971 399 3030 Sulpicius
407 2972 496 3027 Gallus,
506 2973 610 3020 thecon-
673 2974 810 3034 Habebam]
846 2974 897 3019 Her
919 2974 1030 3032 ‘virtue'
1051 2978 1099 3024 Ro·

160 3045 245 3091 queror
255 3032 282 3076 of
295 3032 335 3076 tha
347 3033 451 3089 Ligures,
464 3046 511 3078 nc.
526 3036 578 3089 166,
590 3037 611 3081 is
642 3049 697 3081 man
707 3037 845 3091 virtuosius
856 3040 862 3062 ⁴
872 3036 988 3092 mirifica,'
997 3041 1099 3100 saysCi-

160 3093 234 3138 called
246 3092 353 3146 ‘vostea'
364 3095 502 3152 apparently
512 3093 611 3142 because
642 3110 696 3142 cero
706 3102 731 3142 to
740 3098 833 3144 Atticus
840 3095 873 3158 (x.
883 3096 909 3159 8)
918 3115 924 3143 ε
943 3100 1098 3151 “Quomodo

160 3155 190 3198 he
208 3153 322 3212 belonged
340 3158 366 3197 to
385 3154 426 3197 the
441 3167 504 3197 same
515 3168 572 3212 gens
584 3171 610 3203 as
641 3159 681 3203 illa
692 3159 737 3204 sert
745 3159 861 3218 publicam
870 3160 979 3207 cladem?
997 3179 1098 3224 quomo·

161 3216 260 3260 Servius.
304 3213 380 3258 These
401 3227 455 3257 men
478 3229 518 3258 are
541 3231 607 3262 men·
639 3219 936 3268 dodomesticastricas?”
956 3224 1009 3271 Her
1019 3227 1100 3274 father

158 3277 238 3321 tioned
255 3277 281 3320 in
297 3275 338 3319 the
353 3274 391 3318 De
405 3274 522 3328 Amicitia,
535 3291 554 3321 o.
567 3281 606 3331 27.
638 3280 702 3338 gives
723 3281 766 3326 hsr
787 3283 828 3328 tha
845 3285 921 3342 praise
940 3286 968 3332 of
987 3290 1099 3350 patience

158 3336 192 3382 Aa
204 3341 229 3383 to
241 3337 307 3391 Cato,
319 3349 357 3381 see
369 3335 406 3380 Dc
417 3335 471 3380 aen.
483 3351 503 3381 c.
515 3339 554 3383 23.
639 3341 714 3387 under
724 3357 795 3404 many
806 3345 920 3392 troubles.
