2362 3756
129 197 168 256 62
457 195 564 254 elno
585 195 740 255 MAJOR

129 351 220 430 major
231 351 303 410 hoec
316 350 403 410 dicit:
424 351 553 412 “Nolite
574 351 715 424 arbitrari,
730 371 748 410 o
765 350 837 410 mihi
854 350 995 411 carissimi
1007 352 1067 425 filii,

128 461 175 500 me
196 461 286 518 quum
307 460 326 499 a
347 439 429 499 vobis
450 441 608 500 discessero
627 461 772 520 nusquam
791 446 844 500 aut
862 443 977 500 nullum
995 443 1066 502 fore.

129 533 194 590 Nec
207 531 285 589 enim
299 530 368 590 dum
388 550 466 589 eram
484 531 633 590 vobiscum
653 532 781 590 animum
801 552 898 590 meum
916 533 1066 606 videbatis,

129 621 181 680 sed
200 641 267 680 eum
287 641 351 680 esse
370 621 401 679 in
421 621 477 679 hoc
496 641 617 699 corpore
636 641 672 680 ex
691 622 727 680 iis
746 622 834 681 rebus
847 643 919 700 quas
932 624 1066 700 gerebam

128 711 344 788 intelligebatis.
372 711 507 769 Eundem
520 711 612 788 igitur
625 731 690 770 esse
702 711 852 783 creduto,
863 713 950 771 etiem
965 713 991 770 si
1003 715 1067 772 nul·

128 803 189 860 lum
198 802 343 861 videbitis.
364 805 412 860 80.
424 802 567 860 Necvero
578 801 721 860 clarorum
730 801 857 860 virorum
865 808 933 880 post
943 808 1065 862 mortem
1118 819 1123 830 ·

43 927 51 946 .
128 892 252 951 bonores
272 895 484 970 permanerent,
498 891 524 949 si
543 890 618 948 nihil
637 911 738 950 eorum
758 891 887 968 ipsorum
906 892 995 950 animi
1008 893 1067 951 effi-

128 988 228 1041 cerent
238 1002 295 1060 quo
305 982 415 1040 diutius
424 981 589 1040 memoriam
601 981 648 1040 sui
657 987 832 1040 teneremus.
850 957 942 1040 lMihi
951 983 1067 1060 quidem

128 1091 278 1150 nunquam
302 1071 470 1149 persuaderi
493 1071 592 1148 potuit
615 1071 726 1130 animos
749 1071 819 1130 dum
841 1072 874 1131 in
899 1073 1067 1150 corporibus

128 1168 226 1221 essent
240 1162 411 1220 mortalibus
424 1161 527 1233 vivero,
542 1181 633 1238 quum
645 1161 774 1221 exissent
788 1181 823 1222 ex
836 1162 873 1220 iis
887 1163 991 1222 emori:
1013 1184 1068 1223 nec

128 1272 195 1312 vero
218 1257 284 1310 tum
306 1252 434 1310 animum
455 1270 519 1310 esse
540 1251 727 1329 insipientem
749 1272 839 1328 quum
861 1272 896 1310 ex
917 1253 1068 1330 insipienti

129 1363 248 1421 corpore
271 1343 428 1414 evasisset3
452 1341 504 1400 sed
527 1361 617 1420 quum
639 1341 718 1400 omni
741 1341 918 1400 admixtione
940 1343 1068 1420 corporis

127 1435 268 1494 liberatus
281 1454 373 1512 purus
387 1439 418 1492 et
431 1433 545 1509 integer
558 1452 622 1491 esse
636 1433 787 1510 coepisset,
799 1438 863 1490 tum
878 1452 942 1492 esse
955 1433 1068 1511 sapien·

128 1529 198 1583 tem.
227 1525 328 1602 Atque
340 1523 428 1582 etiam
439 1542 528 1600 quum
538 1522 663 1580 hominis
672 1527 778 1581 netum
788 1529 881 1581 morte
892 1523 1067 1596 dissolvitur,

128 1619 289 1672 ceterarum
310 1633 409 1672 rerum
429 1611 614 1690 perspicuum
634 1617 754 1689 estque
773 1632 903 1690 quaeque
922 1613 1068 1685 disoednt3

128 1705 238 1763 abeunt
251 1704 327 1762 enim
347 1703 417 1761 illuo
435 1701 533 1760 omnia
549 1701 628 1760 unde
649 1708 714 1760 orta
732 1708 821 1774 sunt;
841 1703 955 1762 animus
968 1693 1068 1762 autem

129 1795 207 1853 solus
221 1813 276 1852 nec
292 1813 382 1869 quum
400 1791 484 1850 adest
501 1811 556 1850 nec
576 1812 666 1870 quum
686 1792 809 1852 discedit
829 1798 957 1872 apparet.
999 1795 1069 1854 Jem

127 1903 195 1942 vero
218 1883 323 1942 videtis
346 1882 419 1940 nihil
436 1901 500 1941 esse
521 1883 610 1940 morti
631 1887 691 1941 tam
713 1882 805 1942 simile
825 1903 911 1960 quam
925 1903 1067 1944 somnum.

129 1977 177 2033 81.
198 1973 293 2050 Atqui
306 1972 512 2031 dormientium
525 1972 615 2031 animi
632 1972 756 2032 maxime
773 1973 921 2032 declarant
935 1975 1068 2034 divinita·

127 2069 189 2122 tem
202 2083 303 2134 suam;
324 2063 417 2121 multe
430 2063 506 2120 enim
517 2082 606 2139 quum
617 2062 731 2121 remissi
741 2068 771 2121 et
784 2063 868 2122 liberi
882 2051 952 2122 sunt
965 2064 1068 2125 futura

127 2153 318 2232 prospiciunt.
359 2153 405 2210 Ex
418 2173 475 2230 quo
488 2152 664 2230 intelligitur
676 2153 775 2230 quoles
788 2153 883 2212 firturi
896 2154 964 2225 sint,
973 2175 1065 2232 quum

128 2265 160 2304 se
172 2245 258 2322 plane
271 2243 398 2322 corporis
411 2243 533 2302 vinculis
546 2243 746 2302 relaxaverint.
788 2243 894 2317 Quare,
907 2245 932 2301 si
941 2244 1012 2303 haec
1024 2245 1070 2303 ita

128 2340 207 2409 sunt,
222 2335 263 2394 sic
281 2353 327 2393 me
347 2333 466 2393 colitotc
485 2338 521 2393 ut
540 2334 647 2392 Deum.
687 2334 740 2392 Sin
752 2353 812 2394 una
832 2338 878 2392 est
891 2334 1067 2394 interiturus

128 2475 229 2523 Cicero's
245 2476 344 2532 version,
361 2475 387 2521 in
398 2475 474 2522 which
492 2475 523 2520 he
538 2474 581 2520 hos
613 2473 739 2520 sideration
751 2473 778 2520 of
786 2473 829 2520 the
838 2488 906 2521 sense
921 2475 950 2522 oi
962 2475 1003 2523 the
1013 2490 1068 2537 pes·

128 2539 227 2586 omitted
238 2554 303 2586 some
314 2542 385 2600 parts.
418 2538 470 2585 The
485 2551 582 2598 passage
613 2537 808 2597 segewillshow.

127 2601 218 2662 begins,
239 2600 274 2648 Οὐ
293 2604 340 2663 γὰρ
359 2599 442 2656 δήπου
463 2599 536 2647 τοῦτό
553 2615 581 2662 γε
645 2602 711 2647 Dum
720 2602 745 2647 in
754 2601 894 2660 corpor-idue
902 2601 988 2661 eaeor]
1007 2600 1069 2647 This

128 2669 213 2725 σαφῶς
232 2663 323 2710 δοκεῖτε
343 2662 440 2710 εἰδέναι.
473 2663 525 2710 'l'he
544 2677 581 2708 ar·
613 2663 791 2710 nseoi‘dum'
803 2663 860 2710 with
870 2663 1070 2723 theanbjnnotive

127 2730 226 2786 gnment
235 2726 263 2772 oi
271 2726 406 2786 Xenophon
417 2726 453 2772 ior
463 2726 505 2772 the
515 2725 581 2772 inde·
613 2725 730 2780 hirnishes
748 2742 763 2772 a
784 2726 844 2786 good
862 2726 970 2786 example
988 2726 1017 2773 oi
1035 2727 1069 2774 ite

127 2789 232 2850 pendent
242 2789 360 2835 existence
370 2788 398 2834 of
406 2789 447 2835 the
458 2787 581 2844 ‘animun'
613 2793 716 2835 conti-ast
734 2790 792 2835 with
809 2788 894 2835 ‘dnm'
911 2789 958 2836 and
974 2789 1016 2836 the
1030 2790 1070 2836 in-

128 2851 165 2898 for
184 2852 216 2898 its
240 2851 357 2897 existence
377 2851 537 2911 independent
557 2849 585 2896 of
613 2851 721 2906 dicante,
734 2851 805 2898 ‘dnm
815 2852 896 2898 eram!

127 2915 169 2962 the
179 2928 292 2961 sensuons
303 2914 364 2960 form
374 2913 477 2974 through
493 2914 540 2960 and
550 2913 582 2974 by
648 2913 788 2960 Ceterorum
809 2929 968 2976 rerum-quo
996 2929 1071 2976 qnae·

127 2978 204 3024 which
222 2978 242 3023 it
260 2981 317 3034 acts,
338 2991 392 3038 mey
410 2977 440 3023 be
458 2975 582 3036 compared
613 2976 669 3037 que]
705 2976 781 3023 Seeo.
792 2979 816 3034 2,
827 2981 892 3024 note.

127 3041 185 3087 with
206 3040 310 3087 Butler's
334 3043 465 3099 argument,
489 3039 550 3086 “Oi
567 3053 582 3085 a
646 3040 992 3102 SiemeooliioteutDeum.]
1016 3041 1072 3088 The

128 3104 217 3150 Fuhrre
229 3102 305 3158 Lise‚”
316 3102 514 3164 inhisAnalogy.
538 3103 581 3149 See
605 3101 689 3148 critice
708 3103 825 3163 complain
843 3103 871 3148 of
890 3103 992 3150 Cicero’s
1013 3117 1071 3150 ren-

127 3167 176 3213 also
187 3165 223 3211 Μ.
235 3166 370 3211 Antoninus
381 3165 420 3210 xii.
433 3167 472 3212 28.
612 3164 695 3224 dering
716 3165 743 3211 oi
760 3165 802 3211 the
820 3165 918 3224 original
935 3167 985 3222 τήν
1004 3166 1072 3226 Ιμήν

161 3228 263 3274 Nullum
284 3227 421 3286 videtum]
463 3227 526 3273 ‘rhet
551 3227 579 3283 is,
612 3225 702 3288 ψυχὴν
725 3225 922 3290 καταιδούμενοι.
964 3228 1012 3274 But
1031 3229 1072 3276 his

129 3289 243 3348 “though
261 3303 308 3349 you
324 3289 371 3334 vill
387 3294 429 3335 not
446 3303 485 3335 see
501 3304 539 3336 me
556 3294 581 3336 at
612 3289 690 3349 object
700 3305 748 3336 wos
758 3293 801 3337 not
815 3295 840 3337 to
850 3290 935 3336 render
951 3291 1072 3352 literally;

127 3352 185 3399 ell.''
213 3351 447 3398 Neither‘eundem'
460 3353 581 3399 nor⁴nnl·
613 3367 657 3400 nor
667 3353 779 3415 yetishe
789 3352 825 3400 sar
835 3353 896 3400 from
907 3353 949 3400 the
958 3353 1034 3401 mark.

127 3413 188 3462 lvm'
199 3414 271 3462 refers
282 3419 307 3462 to
319 3413 454 3472 ‘enimam'
463 3429 490 3461 as
500 3429 515 3461 a
525 3429 581 3462 con·
