2372 3758
486 181 576 242 oar.
594 182 669 244 vir.
918 163 920 170 ’
1005 189 1042 248 ει

98 337 246 416 quendam
264 337 360 398 virum
383 337 562 398 carminibus
585 338 706 398 Graecis
725 337 914 400 vaticinatum
935 339 1043 412 fenmt,

99 447 171 504 qnae
185 429 219 486 in
232 423 330 486 rerum
342 433 453 488 natura
465 432 587 505 totoque
606 428 716 487 mundo
733 434 901 488 constarent
914 427 1044 509 quaeque

100 525 295 589 moverentur,
306 537 340 576 ea
353 519 527 576 contrahere
540 519 703 590 amicitiam,
715 519 853 596 dissipare
864 520 1041 582 discordiam.

100 608 199 684 Atque
220 608 277 666 hoc
296 607 413 684 quidem
436 627 537 666 omnes
560 610 697 668 mortales
720 614 750 666 et
770 610 940 686 intelligunt
961 617 992 670 et
1010 633 1043 672 re

100 697 234 774 probant.
274 699 380 775 Itaque
395 697 550 774 siquando
569 699 686 775 aliquod
704 699 829 758 officium
847 701 946 761 extitit
958 703 1044 761 amici

100 787 130 845 in
142 787 279 866 periculis
292 793 343 845 aut
357 787 502 863 adeundis
516 789 567 846 aut
581 788 835 860 communicandis,
850 790 914 866 quis
933 796 978 850 est
993 793 1043 870 qui

100 877 129 934 id
153 897 215 936 non
241 877 375 936 maximis
404 877 508 936 efferat
533 877 692 938 laudibus?
734 878 793 952 Qui
816 879 954 939 clamores
977 886 1042 942 tota

100 986 183 1026 cavea
205 988 299 1045 nuper
322 969 356 1026 in
377 966 505 1044 hospitis
529 973 560 1026 et
583 968 668 1026 amici
691 969 748 1026 mei
770 969 814 1027 M.
830 970 947 1028 Pacuvii
967 991 1041 1031 nova

99 1057 210 1130 fabula;
231 1079 322 1136 quum
340 1057 500 1134 ignorante
512 1055 680 1134 Bege'uter
700 1077 799 1116 eorum
818 1064 896 1118 esset
911 1060 1039 1134 Orestes,

101 1147 218 1224 Pylades
233 1149 375 1206 Orestem
400 1167 432 1204 se
457 1166 520 1205 esse
540 1148 657 1219 diceret,
669 1145 706 1206 ¹ut
727 1169 779 1226 pro
799 1149 849 1207 illo
870 1156 1039 1223 necaretur3

101 1237 215 1298 Orestes
228 1245 341 1310 autem,
355 1237 402 1294 ita
414 1241 451 1294 ut
464 1243 534 1309 erat,
550 1238 685 1297 Orestem
706 1257 736 1298 se
757 1258 820 1298 esse
834 1247 1038 1316 perseveraret.

99 1327 211 1388 stantes
231 1328 419 1406 plaudebant
439 1325 472 1384 in
492 1347 523 1386 re
543 1328 611 1388 ficta
621 1351 629 1392 ;
650 1328 720 1405 quid
741 1329 916 1388 arbitremur
928 1329 960 1388 in
972 1351 1040 1392 vera

98 1416 219 1477 facturos
232 1417 355 1478 fuisse?
398 1416 497 1474 Facile
515 1417 661 1476 indicabat
676 1418 739 1495 ipsa
751 1425 857 1478 natura
871 1419 928 1476 vim
948 1440 1038 1493 suam,
1117 1411 1119 1422 ¹

98 1525 182 1582 quum
194 1509 331 1566 homines
346 1506 427 1584 quod
439 1505 533 1565 faeere
550 1507 607 1584 ipsi
624 1528 685 1566 non
703 1515 824 1585 possent
837 1509 868 1566 id
883 1515 962 1568 reete
976 1511 1039 1568 fieri

98 1596 128 1654 in
146 1598 235 1656 altero
253 1598 436 1676 judicarent.
476 1597 630 1655 Hactenus
651 1598 722 1656 mihi
739 1599 838 1657 videor
858 1598 1039 1659 deamicitia

98 1687 165 1764 quid
191 1689 334 1747 sentirem
360 1685 493 1764 potuisse
520 1687 623 1746 dicere.
670 1689 757 1766 Siqua
782 1693 933 1766 praeterea
959 1695 1037 1762 sunt,

99 1777 180 1836 credo
200 1784 300 1836 autem
321 1795 388 1836 esse
409 1777 508 1848 multa,
522 1777 558 1834 ab
571 1777 615 1850 iis,
631 1777 656 1836 si
668 1778 821 1850 videbitur,
835 1778 887 1856 qui
906 1779 963 1838 ista
982 1780 1037 1840 dis·

98 1873 202 1944 putant
221 1867 400 1946 qnaeritote.
441 1869 488 1924 25.
509 1867 608 1926 Fara.
633 1868 697 1927 Nos
717 1874 816 1928 autem
835 1889 853 1926 a
871 1872 903 1926 te
922 1869 1036 1948 potius:

98 1977 267 2036 quamquam
282 1958 375 2016 etiam
389 1955 503 2014 abistis
524 1976 609 2034 saepe
621 1959 751 2034 quaesivi
765 1964 795 2017 et
812 1957 909 2018 audiui
921 1979 982 2018 non
994 1959 1037 2018 in·

98 2047 173 2107 ritus
193 2049 337 2127 equidem,
359 2045 412 2106 sed
434 2047 512 2106 aliud
532 2048 675 2126 quoddam
694 2050 776 2108 filum
799 2049 938 2108 orationis
959 2056 1036 2110 tuae.

127 2152 165 2197 M.
176 2150 291 2211 Pacrmii]
312 2148 436 2204 Pacuvius,
447 2164 462 2195 a
475 2152 553 2197 native
586 2151 689 2211 ‘quum'
708 2151 766 2198 with
783 2152 824 2198 the
841 2151 964 2212 imperfect
981 2153 1036 2200 sub-

96 2213 125 2260 cf
132 2214 300 2270 Brundusium,
313 2227 361 2260 was
370 2211 483 2272 probably
492 2213 553 2260 born
582 2214 694 2273 junctive,
717 2219 742 2262 to
769 2215 855 2262 denote
876 2230 891 2260 a
912 2216 1038 2276 persistent

96 2276 169 2325 about
180 2291 230 2324 rac.
241 2279 298 2332 220,
310 2276 360 2322 and
376 2275 492 2322 therefore
505 2291 553 2322 was
584 2281 645 2324 state
660 2292 687 2323 or
703 2278 823 2326 condition
838 2278 866 2324 of
879 2278 966 2338 things,
979 2279 1038 2326 with

96 2338 553 2449 meu
838 2341 977 2450 mie

97 2465 165 2512 been.
198 2465 238 2511 He
258 2479 306 2511 was
327 2465 371 2510 the
389 2467 451 2510 most
469 2464 552 2510 distin·
584 2419 779 2513 misundlirsdbod.
815 2437 929 2526 (beSen.
944 2420 1000 2524 hl,
1013 2472 1036 2524 t,

98 2528 195 2587 gnished
212 2528 240 2574 of
253 2529 296 2575 the
314 2527 383 2574 three
401 2526 441 2573 old
460 2527 553 2574 Roman
585 2529 608 2583 6,
620 2527 674 2589 διο.)
691 2529 743 2575 'Ihe
753 2529 830 2574 useof
838 2529 880 2574 the
891 2529 1037 2589 subjunctive

97 2591 171 2650 tragio
180 2592 278 2638 writers.
586 2591 711 2651 ‘possent'
723 2592 754 2652 by
765 2606 797 2638 no
808 2607 888 2638 means
899 2593 1038 2654 necessarily

129 2654 323 2713 Nouasabalar]
358 2651 411 2698 'l'ba
427 2651 553 2700 ‘Dulores-
584 2653 675 2702 follows
690 2654 752 2700 from
768 2655 809 2700 the
824 2655 872 2701 fact
888 2654 915 2700 of
927 2655 957 2702 its
968 2656 1038 2716 being

97 2715 150 2772 tex
160 2731 191 2763 an
201 2717 321 2766 imitation
338 2729 367 2761 or
383 2714 519 2775 adaptaticn
529 2715 555 2764 of
584 2723 667 2777 apert
683 2717 709 2762 of
723 2718 764 2764 the
780 2718 858 2764 clause
875 2721 963 2778 ‘quum
973 2717 988 2775 ;'
1001 2719 1038 2765 for

97 2779 138 2825 the
149 2783 156 2806 ‘
166 2779 324 2841 Iphigeniain
339 2777 431 2824 Tauris'
443 2778 470 2824 of
483 2779 552 2826 Ituri-
584 2781 672 2842 “qnod
687 2780 762 2826 facere
778 2795 826 2826 non
842 2786 938 2840 possent
948 2781 964 2804 ”
981 2781 1037 2828 does

97 2843 171 2902 pides.
209 2842 286 2889 Orelli
307 2841 355 2887 and
376 2841 477 2902 Seyffert
494 2843 553 2889 omit
583 2849 626 2889 not
643 2858 713 2890 mean
734 2843 797 2888 what
817 2844 874 2903 they
896 2843 942 2890 had
964 2843 1038 2890 found

99 2903 212 2952 'eornm'
246 2905 330 2951 Cicero
347 2901 396 2963 (De
411 2903 463 2950 Fin.
474 2919 496 2951 v.
507 2903 550 2967 22)
583 2906 725 2952 themselves
732 2905 818 2952 unable
828 2911 853 2952 to
863 2905 902 2962 do,
913 2906 957 2951 but
965 2907 1035 2962 what,

97 2973 180 3029 quotes
191 2983 206 3014 a
215 2967 327 3014 fewlines
334 2965 551 3013 fromthisRoman
582 2968 608 3014 in
624 2969 671 3014 like
690 2969 876 3024 circumstances,
892 2968 950 3027 they
961 2967 1038 3014 would

97 3032 160 3094 play.
193 3030 340 3084 SeeCicero,
352 3029 390 3075 De
399 3027 441 3074 Or.
451 3043 484 3075 ιιι
496 3029 519 3084 7.
583 3029 813 3078 notbeabletodo.
838 3030 1035 3090 CompDeAm.

130 3093 238 3154 stactes]
276 3092 341 3138 Doce
357 3096 399 3157 qot
415 3105 484 3138 mean
500 3092 554 3138 that
585 3095 615 3138 8:
635 3097 649 3120 ‘¹
658 3093 753 3151 Quippe
766 3107 840 3152 quum
856 3097 953 3152 propter
964 3093 1036 3138 virtu-

97 3154 380 3218 lhespectatorahadno
394 3157 471 3210 seats3
487 3153 556 3201 forif
584 3155 820 3214 temetprobitetem
837 3169 876 3200 eos
892 3154 962 3200 etiam
978 3168 1037 3214 quos

97 3219 153 3280 they
165 3219 295 3273 hannone,
306 3217 327 3263 it
337 3216 415 3264 would
424 3215 455 3262 be
465 3231 496 3262 an
506 3217 553 3264 idle
583 3231 706 3278 nunquam
722 3217 823 3263 vidimus
845 3215 948 3278 quodam
966 3216 1037 3262 modo

97 3283 168 3330 word.
202 3281 270 3340 Tbey
281 3293 343 3326 were
358 3294 385 3326 so
400 3279 490 3326 excited
501 3279 554 3328 that
584 3277 735 3338 diligamns.’'

96 3345 216 3406 theyrosc
227 3357 255 3390 οι·
265 3341 341 3389 stood.
616 3341 694 3385 Aliud
715 3339 834 3397 quoddam
848 3338 934 3398 filum]
969 3337 1037 3382 After

132 3401 403 3465 Quanlomiacassm]
421 3401 557 3448 lbemeof
587 3397 738 3460 ‘quoddam'
777 3398 879 3450 Ειιιωιὶ,
919 3395 1038 3451 following
