<?xml version="1.0" encoding="UTF-8"?>
<!DOCTYPE html PUBLIC "-//W3C//DTD XHTML 1.0 Transitional//EN"
    "http://www.w3.org/TR/xhtml1/DTD/xhtml1-transitional.dtd">
<html xmlns="http://www.w3.org/1999/xhtml" xml:lang="en" lang="en">
 <head>
  <title>
</title>
<meta http-equiv="Content-Type" content="text/html;charset=utf-8" />
  <meta name='ocr-system' content='tesseract 3.04.00' />
  <meta name='ocr-capabilities' content='ocr_page ocr_carea ocr_par ocr_line ocrx_word'/>
</head>
<body>
  <div class='ocr_page' id='page_1' title='image "./mtulliiciceroni98cicegoog/mtulliiciceroni98cicegoog_0132.png"; bbox 0 0 2372 3758; ppageno 0'>
   <div class='ocr_carea' id='block_1_1' title="bbox 456 191 1040 292">
    <p class='ocr_par' dir='ltr' id='par_1_1' title="bbox 456 191 1040 292">
     <span class='ocr_line' id='line_1_1' title="bbox 456 191 1040 292; baseline -0.012 -42"><span class='ocrx_word' id='word_1_1' title='bbox 456 191 549 250; x_wconf 82' lang='grc' dir='ltr'><strong>-ΟΑΡ,</strong></span> <span class='ocrx_word' id='word_1_2' title='bbox 570 191 627 250; x_wconf 85' lang='grc' dir='ltr'>ΙΧ.</span> <span class='ocrx_word' id='word_1_3' title='bbox 648 191 688 250; x_wconf 89' lang='lat' dir='ltr'>X.</span> <span class='ocrx_word' id='word_1_4' title='bbox 989 195 1040 292; x_wconf 58' lang='grc' dir='ltr'>ι93</span> 
     </span>
    </p>
   </div>
   <div class='ocr_carea' id='block_1_2' title="bbox 56 345 1041 2670">
    <p class='ocr_par' dir='ltr' id='par_1_2' title="bbox 56 345 1041 2670">
     <span class='ocr_line' id='line_1_2' title="bbox 106 345 1040 422; baseline 0.001 -17"><span class='ocrx_word' id='word_1_5' title='bbox 106 345 297 420; x_wconf 73' lang='lat' dir='ltr'><strong>Quamobrem</strong></span> <span class='ocrx_word' id='word_1_6' title='bbox 321 347 376 406; x_wconf 93' lang='lat' dir='ltr'>hos</span> <span class='ocrx_word' id='word_1_7' title='bbox 397 345 514 422; x_wconf 90' lang='lat' dir='ltr'>quidem</span> <span class='ocrx_word' id='word_1_8' title='bbox 535 345 571 405; x_wconf 87' lang='lat' dir='ltr'>ab</span> <span class='ocrx_word' id='word_1_9' title='bbox 592 346 647 404; x_wconf 90' lang='lat' dir='ltr'>hoc</span> <span class='ocrx_word' id='word_1_10' title='bbox 671 365 802 404; x_wconf 89' lang='lat' dir='ltr'>sermono</span> <span class='ocrx_word' id='word_1_11' title='bbox 825 365 1040 406; x_wconf 81' lang='lat' dir='ltr'>removeamur:</span> 
     </span>
     <span class='ocr_line' id='line_1_3' title="bbox 103 435 1041 514; baseline 0.003 -21"><span class='ocrx_word' id='word_1_12' title='bbox 103 435 157 513; x_wconf 87' lang='lat' dir='ltr'>ipsi</span> <span class='ocrx_word' id='word_1_13' title='bbox 170 443 269 496; x_wconf 88' lang='lat' dir='ltr'>autem</span> <span class='ocrx_word' id='word_1_14' title='bbox 286 436 486 512; x_wconf 73' lang='lat' dir='ltr'><strong>intelligamus</strong></span> <span class='ocrx_word' id='word_1_15' title='bbox 504 441 610 494; x_wconf 88' lang='lat' dir='ltr'>natura</span> <span class='ocrx_word' id='word_1_16' title='bbox 630 436 711 512; x_wconf 85' lang='lat' dir='ltr'>gigni</span> <span class='ocrx_word' id='word_1_17' title='bbox 725 455 842 494; x_wconf 90' lang='lat' dir='ltr'>sensum</span> <span class='ocrx_word' id='word_1_18' title='bbox 857 437 995 514; x_wconf 87' lang='lat' dir='ltr'>diligendi</span> <span class='ocrx_word' id='word_1_19' title='bbox 1009 441 1041 496; x_wconf 90' lang='lat' dir='ltr'>et</span> 
     </span>
     <span class='ocr_line' id='line_1_4' title="bbox 103 525 1041 604; baseline 0.003 -21"><span class='ocrx_word' id='word_1_20' title='bbox 103 525 318 586; x_wconf 87' lang='lat' dir='ltr'>benevolentiae</span> <span class='ocrx_word' id='word_1_21' title='bbox 346 527 499 584; x_wconf 80' lang='lat' dir='ltr'>caritatem</span> <span class='ocrx_word' id='word_1_22' title='bbox 527 525 605 584; x_wconf 83' lang='lat' dir='ltr'>facta</span> <span class='ocrx_word' id='word_1_23' title='bbox 631 527 842 602; x_wconf 88' lang='lat' dir='ltr'>significatione</span> <span class='ocrx_word' id='word_1_24' title='bbox 867 527 1041 604; x_wconf 83' lang='lat' dir='ltr'>probitatis3</span> 
     </span>
     <span class='ocr_line' id='line_1_5' title="bbox 104 615 1041 694; baseline 0.002 -20"><span class='ocrx_word' id='word_1_25' title='bbox 104 635 186 692; x_wconf 89' lang='lat' dir='ltr'>quam</span> <span class='ocrx_word' id='word_1_26' title='bbox 195 617 246 693; x_wconf 91' lang='lat' dir='ltr'>qui</span> <span class='ocrx_word' id='word_1_27' title='bbox 256 617 464 694; x_wconf 90' lang='lat' dir='ltr'>appetiverunt</span> <span class='ocrx_word' id='word_1_28' title='bbox 478 615 623 692; x_wconf 88' lang='lat' dir='ltr'>applicant</span> <span class='ocrx_word' id='word_1_29' title='bbox 636 635 699 674; x_wconf 84' lang='lat' dir='ltr'>sesa</span> <span class='ocrx_word' id='word_1_30' title='bbox 713 621 743 674; x_wconf 90' lang='lat' dir='ltr'>et</span> <span class='ocrx_word' id='word_1_31' title='bbox 756 615 874 693; x_wconf 89' lang='lat' dir='ltr'>propius</span> <span class='ocrx_word' id='word_1_32' title='bbox 887 617 1041 676; x_wconf 82' lang='lat' dir='ltr'>admovent</span> 
     </span>
     <span class='ocr_line' id='line_1_6' title="bbox 104 705 1040 784; baseline 0.004 -22"><span class='ocrx_word' id='word_1_33' title='bbox 104 711 137 762; x_wconf 90' lang='lat' dir='ltr'>ut</span> <span class='ocrx_word' id='word_1_34' title='bbox 149 710 179 764; x_wconf 88' lang='lat' dir='ltr'>et</span> <span class='ocrx_word' id='word_1_35' title='bbox 191 726 250 764; x_wconf 88' lang='lat' dir='ltr'>usu</span> <span class='ocrx_word' id='word_1_36' title='bbox 263 707 327 784; x_wconf 90' lang='lat' dir='ltr'>ejus</span> <span class='ocrx_word' id='word_1_37' title='bbox 341 725 430 782; x_wconf 90' lang='lat' dir='ltr'>quem</span> <span class='ocrx_word' id='word_1_38' title='bbox 451 705 567 782; x_wconf 86' lang='lat' dir='ltr'>diligere</span> <span class='ocrx_word' id='word_1_39' title='bbox 588 711 746 782; x_wconf 89' lang='lat' dir='ltr'>coeperunt</span> <span class='ocrx_word' id='word_1_40' title='bbox 763 705 899 764; x_wconf 85' lang='lat' dir='ltr'>fruantur</span> <span class='ocrx_word' id='word_1_41' title='bbox 912 712 942 765; x_wconf 91' lang='lat' dir='ltr'>et</span> <span class='ocrx_word' id='word_1_42' title='bbox 955 707 1040 766; x_wconf 87' lang='lat' dir='ltr'>mori-</span> 
     </span>
     <span class='ocr_line' id='line_1_7' title="bbox 103 793 1041 874; baseline 0.004 -22"><span class='ocrx_word' id='word_1_43' title='bbox 103 793 163 867; x_wconf 90' lang='lat' dir='ltr'>bus,</span> <span class='ocrx_word' id='word_1_44' title='bbox 178 795 296 872; x_wconf 89' lang='lat' dir='ltr'>sintque</span> <span class='ocrx_word' id='word_1_45' title='bbox 316 815 404 872; x_wconf 89' lang='lat' dir='ltr'>pares</span> <span class='ocrx_word' id='word_1_46' title='bbox 425 793 457 850; x_wconf 90' lang='lat' dir='ltr'>in</span> <span class='ocrx_word' id='word_1_47' title='bbox 476 813 571 852; x_wconf 89' lang='lat' dir='ltr'>amore</span> <span class='ocrx_word' id='word_1_48' title='bbox 585 799 616 852; x_wconf 93' lang='lat' dir='ltr'>et</span> <span class='ocrx_word' id='word_1_49' title='bbox 629 796 770 871; x_wconf 76' lang='lat' dir='ltr'><strong>aequales,</strong></span> <span class='ocrx_word' id='word_1_50' title='bbox 784 797 1041 874; x_wconf 81' lang='lat' dir='ltr'>propensioresque</span> 
     </span>
     <span class='ocr_line' id='line_1_8' title="bbox 103 883 1040 964; baseline 0.003 -22"><span class='ocrx_word' id='word_1_51' title='bbox 103 884 139 942; x_wconf 88' lang='lat' dir='ltr'>ad</span> <span class='ocrx_word' id='word_1_52' title='bbox 155 885 230 944; x_wconf 86' lang='lat' dir='ltr'>bene</span> <span class='ocrx_word' id='word_1_53' title='bbox 251 883 425 942; x_wconf 89' lang='lat' dir='ltr'>merendum</span> <span class='ocrx_word' id='word_1_54' title='bbox 439 903 523 960; x_wconf 86' lang='lat' dir='ltr'>quam</span> <span class='ocrx_word' id='word_1_55' title='bbox 543 884 580 941; x_wconf 88' lang='lat' dir='ltr'>ad</span> <span class='ocrx_word' id='word_1_56' title='bbox 599 885 816 962; x_wconf 89' lang='lat' dir='ltr'>reposcendum.</span> <span class='ocrx_word' id='word_1_57' title='bbox 857 889 957 964; x_wconf 82' lang='lat' dir='ltr'>Atque</span> <span class='ocrx_word' id='word_1_58' title='bbox 970 887 1040 945; x_wconf 88' lang='lat' dir='ltr'>haee</span> 
     </span>
     <span class='ocr_line' id='line_1_9' title="bbox 102 965 1039 1034; baseline 0.002 -2"><span class='ocrx_word' id='word_1_59' title='bbox 102 972 240 1033; x_wconf 86' lang='lat' dir='ltr'>intereos</span> <span class='ocrx_word' id='word_1_60' title='bbox 260 976 296 1032; x_wconf 88' lang='lat' dir='ltr'>fit</span> <span class='ocrx_word' id='word_1_61' title='bbox 316 974 443 1031; x_wconf 88' lang='lat' dir='ltr'>honesta</span> <span class='ocrx_word' id='word_1_62' title='bbox 464 973 592 1032; x_wconf 86' lang='lat' dir='ltr'>certatio.</span> <span class='ocrx_word' id='word_1_63' title='bbox 634 974 681 1032; x_wconf 83' lang='lat' dir='ltr'>Sic</span> <span class='ocrx_word' id='word_1_64' title='bbox 703 981 733 1032; x_wconf 89' lang='lat' dir='ltr'>et</span> <span class='ocrx_word' id='word_1_65' title='bbox 753 965 897 1034; x_wconf 83' lang='lat' dir='ltr'>utilitates</span> <span class='ocrx_word' id='word_1_66' title='bbox 917 995 953 1034; x_wconf 85' lang='lat' dir='ltr'>ex</span> <span class='ocrx_word' id='word_1_67' title='bbox 971 975 1039 1034; x_wconf 87' lang='lat' dir='ltr'>ami·</span> 
     </span>
     <span class='ocr_line' id='line_1_10' title="bbox 103 1062 1040 1144; baseline 0.004 -23"><span class='ocrx_word' id='word_1_68' title='bbox 103 1063 168 1122; x_wconf 89' lang='lat' dir='ltr'>citia</span> <span class='ocrx_word' id='word_1_69' title='bbox 180 1064 323 1122; x_wconf 82' lang='lat' dir='ltr'>maximae</span> <span class='ocrx_word' id='word_1_70' title='bbox 337 1062 497 1139; x_wconf 79' lang='lat' dir='ltr'>capientur,</span> <span class='ocrx_word' id='word_1_71' title='bbox 512 1068 542 1120; x_wconf 91' lang='lat' dir='ltr'>et</span> <span class='ocrx_word' id='word_1_72' title='bbox 561 1063 616 1121; x_wconf 90' lang='lat' dir='ltr'>erit</span> <span class='ocrx_word' id='word_1_73' title='bbox 633 1064 696 1141; x_wconf 89' lang='lat' dir='ltr'>ejus</span> <span class='ocrx_word' id='word_1_74' title='bbox 709 1071 792 1124; x_wconf 87' lang='lat' dir='ltr'>ortus</span> <span class='ocrx_word' id='word_1_75' title='bbox 805 1085 823 1124; x_wconf 90' lang='lat' dir='ltr'>a</span> <span class='ocrx_word' id='word_1_76' title='bbox 835 1071 941 1124; x_wconf 72' lang='lat' dir='ltr'>natira</span> <span class='ocrx_word' id='word_1_77' title='bbox 954 1085 1040 1144; x_wconf 87' lang='lat' dir='ltr'>quam</span> 
     </span>
     <span class='ocr_line' id='line_1_11' title="bbox 102 1152 1039 1228; baseline 0.004 -18"><span class='ocrx_word' id='word_1_78' title='bbox 102 1153 136 1210; x_wconf 85' lang='lat' dir='ltr'>ab</span> <span class='ocrx_word' id='word_1_79' title='bbox 148 1154 348 1212; x_wconf 72' lang='lat' dir='ltr'>imbecillitate</span> <span class='ocrx_word' id='word_1_80' title='bbox 362 1158 394 1210; x_wconf 89' lang='lat' dir='ltr'>et</span> <span class='ocrx_word' id='word_1_81' title='bbox 408 1152 519 1228; x_wconf 84' lang='lat' dir='ltr'>gravior</span> <span class='ocrx_word' id='word_1_82' title='bbox 531 1158 562 1211; x_wconf 90' lang='lat' dir='ltr'>et</span> <span class='ocrx_word' id='word_1_83' title='bbox 572 1153 673 1211; x_wconf 89' lang='lat' dir='ltr'>verior.</span> <span class='ocrx_word' id='word_1_84' title='bbox 714 1155 746 1212; x_wconf 89' lang='lat' dir='ltr'>N</span> <span class='ocrx_word' id='word_1_85' title='bbox 746 1175 792 1212; x_wconf 90' lang='lat' dir='ltr'>am</span> <span class='ocrx_word' id='word_1_86' title='bbox 807 1155 831 1213; x_wconf 89' lang='lat' dir='ltr'>si</span> <span class='ocrx_word' id='word_1_87' title='bbox 844 1155 956 1214; x_wconf 85' lang='lat' dir='ltr'>utilitas</span> <span class='ocrx_word' id='word_1_88' title='bbox 970 1155 1039 1214; x_wconf 91' lang='lat' dir='ltr'>ami·</span> 
     </span>
     <span class='ocr_line' id='line_1_12' title="bbox 102 1243 1039 1321; baseline 0.004 -21"><span class='ocrx_word' id='word_1_89' title='bbox 102 1243 181 1302; x_wconf 78' lang='lat' dir='ltr'>citius</span> <span class='ocrx_word' id='word_1_90' title='bbox 202 1243 430 1321; x_wconf 87' lang='lat' dir='ltr'>conglutinaret,</span> <span class='ocrx_word' id='word_1_91' title='bbox 447 1243 546 1300; x_wconf 90' lang='lat' dir='ltr'>eadem</span> <span class='ocrx_word' id='word_1_92' title='bbox 565 1249 742 1302; x_wconf 89' lang='lat' dir='ltr'>commutata</span> <span class='ocrx_word' id='word_1_93' title='bbox 763 1245 940 1304; x_wconf 86' lang='lat' dir='ltr'>dissolveret.</span> <span class='ocrx_word' id='word_1_94' title='bbox 982 1245 1039 1304; x_wconf 79' lang='lat' dir='ltr'>Sed</span> 
     </span>
     <span class='ocr_line' id='line_1_13' title="bbox 101 1331 1038 1410; baseline 0.002 -19"><span class='ocrx_word' id='word_1_95' title='bbox 101 1333 166 1410; x_wconf 85' lang='lat' dir='ltr'>quia</span> <span class='ocrx_word' id='word_1_96' title='bbox 185 1340 294 1392; x_wconf 88' lang='lat' dir='ltr'>natura</span> <span class='ocrx_word' id='word_1_97' title='bbox 318 1331 429 1390; x_wconf 89' lang='lat' dir='ltr'>mutari</span> <span class='ocrx_word' id='word_1_98' title='bbox 451 1351 510 1390; x_wconf 92' lang='lat' dir='ltr'>non</span> <span class='ocrx_word' id='word_1_99' title='bbox 532 1337 639 1410; x_wconf 89' lang='lat' dir='ltr'>potest,</span> <span class='ocrx_word' id='word_1_100' title='bbox 659 1333 765 1392; x_wconf 88' lang='lat' dir='ltr'>idcirco</span> <span class='ocrx_word' id='word_1_101' title='bbox 789 1353 873 1392; x_wconf 87' lang='lat' dir='ltr'>verae</span> <span class='ocrx_word' id='word_1_102' title='bbox 896 1333 1038 1393; x_wconf 74' lang='lat' dir='ltr'>amicitiae</span> 
     </span>
     <span class='ocr_line' id='line_1_14' title="bbox 102 1421 1038 1501; baseline 0.001 -20"><span class='ocrx_word' id='word_1_103' title='bbox 102 1424 293 1501; x_wconf 76' lang='lat' dir='ltr'>sempiternae</span> <span class='ocrx_word' id='word_1_104' title='bbox 315 1426 398 1480; x_wconf 89' lang='lat' dir='ltr'>sunt.</span> <span class='ocrx_word' id='word_1_105' title='bbox 439 1421 544 1480; x_wconf 90' lang='lat' dir='ltr'>Ortum</span> <span class='ocrx_word' id='word_1_106' title='bbox 563 1422 677 1499; x_wconf 89' lang='lat' dir='ltr'>quidem</span> <span class='ocrx_word' id='word_1_107' title='bbox 697 1423 838 1482; x_wconf 86' lang='lat' dir='ltr'>amicitiae</span> <span class='ocrx_word' id='word_1_108' title='bbox 854 1423 967 1494; x_wconf 83' lang='lat' dir='ltr'>videtis,</span> <span class='ocrx_word' id='word_1_109' title='bbox 980 1424 1038 1482; x_wconf 86' lang='lat' dir='ltr'>nisi</span> 
     </span>
     <span class='ocr_line' id='line_1_15' title="bbox 101 1510 1036 1590; baseline 0.002 -21"><span class='ocrx_word' id='word_1_110' title='bbox 101 1513 168 1588; x_wconf 91' lang='lat' dir='ltr'>quid</span> <span class='ocrx_word' id='word_1_111' title='bbox 182 1513 221 1571; x_wconf 85' lang='lat' dir='ltr'>ad</span> <span class='ocrx_word' id='word_1_112' title='bbox 239 1513 313 1570; x_wconf 88' lang='lat' dir='ltr'>haec</span> <span class='ocrx_word' id='word_1_113' title='bbox 333 1510 411 1568; x_wconf 82' lang='lat' dir='ltr'>forte</span> <span class='ocrx_word' id='word_1_114' title='bbox 430 1511 527 1570; x_wconf 83' lang='lat' dir='ltr'>vultis.</span> <span class='ocrx_word' id='word_1_115' title='bbox 571 1512 670 1569; x_wconf 76' lang='lat' dir='ltr'>Farris.</span> <span class='ocrx_word' id='word_1_116' title='bbox 692 1513 737 1570; x_wconf 77' lang='lat' dir='ltr'>Tu</span> <span class='ocrx_word' id='word_1_117' title='bbox 749 1532 817 1571; x_wconf 86' lang='lat' dir='ltr'>vero</span> <span class='ocrx_word' id='word_1_118' title='bbox 836 1532 932 1590; x_wconf 88' lang='lat' dir='ltr'>perge,</span> <span class='ocrx_word' id='word_1_119' title='bbox 947 1513 1036 1572; x_wconf 89' lang='lat' dir='ltr'>Laeli.</span> 
     </span>
     <span class='ocr_line' id='line_1_16' title="bbox 101 1599 1035 1680; baseline -0.001 -18"><span class='ocrx_word' id='word_1_120' title='bbox 101 1601 156 1662; x_wconf 89' lang='lat' dir='ltr'>Pro</span> <span class='ocrx_word' id='word_1_121' title='bbox 175 1603 231 1662; x_wconf 90' lang='lat' dir='ltr'>hoc</span> <span class='ocrx_word' id='word_1_122' title='bbox 252 1603 332 1660; x_wconf 88' lang='lat' dir='ltr'>enim</span> <span class='ocrx_word' id='word_1_123' title='bbox 353 1599 404 1677; x_wconf 93' lang='lat' dir='ltr'>qui</span> <span class='ocrx_word' id='word_1_124' title='bbox 423 1601 522 1658; x_wconf 84' lang='lat' dir='ltr'>minor</span> <span class='ocrx_word' id='word_1_125' title='bbox 535 1605 581 1659; x_wconf 88' lang='lat' dir='ltr'>est</span> <span class='ocrx_word' id='word_1_126' title='bbox 600 1607 674 1659; x_wconf 85' lang='lat' dir='ltr'>natu</span> <span class='ocrx_word' id='word_1_127' title='bbox 694 1621 758 1660; x_wconf 91' lang='lat' dir='ltr'>meo</span> <span class='ocrx_word' id='word_1_128' title='bbox 779 1603 846 1680; x_wconf 86' lang='lat' dir='ltr'>jure</span> <span class='ocrx_word' id='word_1_129' title='bbox 867 1602 1035 1679; x_wconf 87' lang='lat' dir='ltr'>respondeo.</span> 
     </span>
     <span class='ocr_line' id='line_1_17' title="bbox 99 1690 986 1767; baseline 0 -17"><span class='ocrx_word' id='word_1_130' title='bbox 99 1695 144 1752; x_wconf 88' lang='grc'>33.</span> <span class='ocrx_word' id='word_1_131' title='bbox 166 1694 278 1752; x_wconf 68' lang='lat' dir='ltr'>Seuer.</span> <span class='ocrx_word' id='word_1_132' title='bbox 300 1693 396 1748; x_wconf 82' lang='lat' dir='ltr'>Recte</span> <span class='ocrx_word' id='word_1_133' title='bbox 407 1694 443 1746; x_wconf 90' lang='lat' dir='ltr'>tu</span> <span class='ocrx_word' id='word_1_134' title='bbox 455 1690 579 1767; x_wconf 89' lang='lat' dir='ltr'>quidem.</span> <span class='ocrx_word' id='word_1_135' title='bbox 621 1691 814 1764; x_wconf 81' lang='lat' dir='ltr'>Quamobrem</span> <span class='ocrx_word' id='word_1_136' title='bbox 827 1691 986 1750; x_wconf 89' lang='lat' dir='ltr'>audiamus.</span> 
     </span>
     <span class='ocr_line' id='line_1_18' title="bbox 135 1778 1036 1858; baseline -0.002 -16"><span class='ocrx_word' id='word_1_137' title='bbox 135 1783 175 1842; x_wconf 90' lang='lat' dir='ltr'>X.</span> <span class='ocrx_word' id='word_1_138' title='bbox 196 1785 297 1841; x_wconf 77' lang='lat' dir='ltr'>Lanu.</span> <span class='ocrx_word' id='word_1_139' title='bbox 319 1778 430 1837; x_wconf 88' lang='lat' dir='ltr'>Audite</span> <span class='ocrx_word' id='word_1_140' title='bbox 449 1799 526 1856; x_wconf 86' lang='lat' dir='ltr'>ergo,</span> <span class='ocrx_word' id='word_1_141' title='bbox 540 1780 642 1856; x_wconf 89' lang='lat' dir='ltr'>optimi</span> <span class='ocrx_word' id='word_1_142' title='bbox 654 1781 716 1852; x_wconf 81' lang='lat' dir='ltr'>viri,</span> <span class='ocrx_word' id='word_1_143' title='bbox 732 1800 767 1838; x_wconf 89' lang='lat' dir='ltr'>ea</span> <span class='ocrx_word' id='word_1_144' title='bbox 780 1799 854 1857; x_wconf 88' lang='lat' dir='ltr'>quae</span> <span class='ocrx_word' id='word_1_145' title='bbox 870 1779 1036 1858; x_wconf 83' lang='lat' dir='ltr'>saepissime</span> 
     </span>
     <span class='ocr_line' id='line_1_19' title="bbox 98 1866 1036 1947; baseline 0.001 -20"><span class='ocrx_word' id='word_1_146' title='bbox 98 1872 173 1930; x_wconf 90' lang='lat' dir='ltr'>inter</span> <span class='ocrx_word' id='word_1_147' title='bbox 185 1892 234 1930; x_wconf 89' lang='lat' dir='ltr'>me</span> <span class='ocrx_word' id='word_1_148' title='bbox 248 1877 280 1930; x_wconf 88' lang='lat' dir='ltr'>et</span> <span class='ocrx_word' id='word_1_149' title='bbox 301 1867 465 1946; x_wconf 82' lang='lat' dir='ltr'>Scipionem</span> <span class='ocrx_word' id='word_1_150' title='bbox 485 1866 521 1926; x_wconf 91' lang='lat' dir='ltr'>de</span> <span class='ocrx_word' id='word_1_151' title='bbox 541 1869 667 1927; x_wconf 86' lang='lat' dir='ltr'>amicitia</span> <span class='ocrx_word' id='word_1_152' title='bbox 685 1869 918 1928; x_wconf 81' lang='lat' dir='ltr'>disserebantur:</span> <span class='ocrx_word' id='word_1_153' title='bbox 939 1891 1036 1947; x_wconf 86' lang='lat' dir='ltr'>quum-</span> 
     </span>
     <span class='ocr_line' id='line_1_20' title="bbox 98 1957 1036 2037; baseline -0.003 -17"><span class='ocrx_word' id='word_1_154' title='bbox 98 1981 182 2037; x_wconf 91' lang='lat' dir='ltr'>quam</span> <span class='ocrx_word' id='word_1_155' title='bbox 194 1963 245 2020; x_wconf 87' lang='lat' dir='ltr'>ille</span> <span class='ocrx_word' id='word_1_156' title='bbox 260 1958 379 2036; x_wconf 90' lang='lat' dir='ltr'>quidem</span> <span class='ocrx_word' id='word_1_157' title='bbox 397 1957 470 2015; x_wconf 90' lang='lat' dir='ltr'>nihil</span> <span class='ocrx_word' id='word_1_158' title='bbox 488 1958 631 2016; x_wconf 87' lang='lat' dir='ltr'>difficilius</span> <span class='ocrx_word' id='word_1_159' title='bbox 651 1978 714 2016; x_wconf 87' lang='lat' dir='ltr'>esse</span> <span class='ocrx_word' id='word_1_160' title='bbox 736 1959 848 2017; x_wconf 88' lang='lat' dir='ltr'>dicebat</span> <span class='ocrx_word' id='word_1_161' title='bbox 862 1979 948 2035; x_wconf 85' lang='lat' dir='ltr'>quum</span> <span class='ocrx_word' id='word_1_162' title='bbox 967 1960 1036 2018; x_wconf 85' lang='lat' dir='ltr'>ami-</span> 
     </span>
     <span class='ocr_line' id='line_1_21' title="bbox 56 2047 1035 2131; baseline -0.005 -19"><span class='ocrx_word' id='word_1_163' title='bbox 56 2089 77 2131; x_wconf 53' lang='grc' dir='ltr'>ι,</span> <span class='ocrx_word' id='word_1_164' title='bbox 98 2052 193 2111; x_wconf 80' lang='lat' dir='ltr'>citiam</span> <span class='ocrx_word' id='word_1_165' title='bbox 206 2069 302 2127; x_wconf 90' lang='lat' dir='ltr'>usque</span> <span class='ocrx_word' id='word_1_166' title='bbox 317 2047 355 2106; x_wconf 89' lang='lat' dir='ltr'>ad</span> <span class='ocrx_word' id='word_1_167' title='bbox 370 2052 529 2105; x_wconf 83' lang='lat' dir='ltr'>extremum</span> <span class='ocrx_word' id='word_1_168' title='bbox 541 2048 617 2105; x_wconf 86' lang='lat' dir='ltr'>vitae</span> <span class='ocrx_word' id='word_1_169' title='bbox 634 2067 811 2125; x_wconf 87' lang='lat' dir='ltr'>permanere.</span> <span class='ocrx_word' id='word_1_170' title='bbox 852 2048 930 2106; x_wconf 87' lang='lat' dir='ltr'>Nam</span> <span class='ocrx_word' id='word_1_171' title='bbox 943 2049 988 2107; x_wconf 84' lang='lat' dir='ltr'>vel</span> <span class='ocrx_word' id='word_1_172' title='bbox 1000 2055 1035 2108; x_wconf 90' lang='lat' dir='ltr'>ut</span> 
     </span>
     <span class='ocr_line' id='line_1_22' title="bbox 61 2133 1036 2215; baseline 0 -18"><span class='ocrx_word' id='word_1_173' title='bbox 61 2133 155 2198; x_wconf 56' lang='lat' dir='ltr'>*lnon</span> <span class='ocrx_word' id='word_1_174' title='bbox 175 2141 256 2200; x_wconf 88' lang='lat' dir='ltr'>idem</span> <span class='ocrx_word' id='word_1_175' title='bbox 276 2136 426 2214; x_wconf 72' lang='lat' dir='ltr'>expediret</span> <span class='ocrx_word' id='word_1_176' title='bbox 446 2136 572 2195; x_wconf 88' lang='lat' dir='ltr'>incidere</span> <span class='ocrx_word' id='word_1_177' title='bbox 594 2155 687 2215; x_wconf 88' lang='lat' dir='ltr'>saepe,</span> <span class='ocrx_word' id='word_1_178' title='bbox 701 2138 795 2196; x_wconf 86' lang='lat' dir='ltr'>velut</span> <span class='ocrx_word' id='word_1_179' title='bbox 813 2137 848 2195; x_wconf 92' lang='lat' dir='ltr'>de</span> <span class='ocrx_word' id='word_1_180' title='bbox 869 2138 1036 2215; x_wconf 81' lang='lat' dir='ltr'>republica</span> 
     </span>
     <span class='ocr_line' id='line_1_23' title="bbox 96 2217 1035 2304; baseline -0.004 -16"><span class='ocrx_word' id='word_1_181' title='bbox 96 2250 155 2289; x_wconf 90' lang='lat' dir='ltr'>non</span> <span class='ocrx_word' id='word_1_182' title='bbox 167 2231 247 2290; x_wconf 89' lang='lat' dir='ltr'>idem</span> <span class='ocrx_word' id='word_1_183' title='bbox 261 2227 438 2287; x_wconf 85' lang='lat' dir='ltr'>sentiretur:</span> <span class='ocrx_word' id='word_1_184' title='bbox 458 2217 566 2284; x_wconf 84' lang='lat' dir='ltr'>mutari</span> <span class='ocrx_word' id='word_1_185' title='bbox 578 2227 665 2284; x_wconf 87' lang='lat' dir='ltr'>etiam</span> <span class='ocrx_word' id='word_1_186' title='bbox 678 2247 773 2299; x_wconf 83' lang='lat' dir='ltr'>:nores</span> <span class='ocrx_word' id='word_1_187' title='bbox 787 2227 937 2285; x_wconf 89' lang='lat' dir='ltr'>hominum</span> <span class='ocrx_word' id='word_1_188' title='bbox 950 2246 1035 2304; x_wconf 87' lang='lat' dir='ltr'>saepe</span> 
     </span>
     <span class='ocr_line' id='line_1_24' title="bbox 96 2315 1034 2394; baseline -0.003 -17"><span class='ocrx_word' id='word_1_189' title='bbox 96 2319 221 2394; x_wconf 87' lang='lat' dir='ltr'>dicebat,</span> <span class='ocrx_word' id='word_1_190' title='bbox 240 2319 311 2376; x_wconf 84' lang='lat' dir='ltr'>alias</span> <span class='ocrx_word' id='word_1_191' title='bbox 335 2315 461 2374; x_wconf 85' lang='lat' dir='ltr'>adversis</span> <span class='ocrx_word' id='word_1_192' title='bbox 481 2315 577 2388; x_wconf 88' lang='lat' dir='ltr'>rebus,</span> <span class='ocrx_word' id='word_1_193' title='bbox 596 2316 665 2374; x_wconf 88' lang='lat' dir='ltr'>alias</span> <span class='ocrx_word' id='word_1_194' title='bbox 689 2321 785 2374; x_wconf 90' lang='lat' dir='ltr'>aetate</span> <span class='ocrx_word' id='word_1_195' title='bbox 809 2317 1034 2392; x_wconf 85' lang='lat' dir='ltr'>ingravescente.</span> 
     </span>
     <span class='ocr_line' id='line_1_25' title="bbox 96 2404 1035 2489; baseline -0.005 -21"><span class='ocrx_word' id='word_1_196' title='bbox 96 2413 195 2489; x_wconf 82' lang='lat' dir='ltr'>Atque</span> <span class='ocrx_word' id='word_1_197' title='bbox 218 2429 319 2468; x_wconf 84' lang='lat' dir='ltr'>earum</span> <span class='ocrx_word' id='word_1_198' title='bbox 339 2425 437 2464; x_wconf 89' lang='lat' dir='ltr'>rerum</span> <span class='ocrx_word' id='word_1_199' title='bbox 458 2405 619 2483; x_wconf 85' lang='lat' dir='ltr'>exemplum</span> <span class='ocrx_word' id='word_1_200' title='bbox 640 2426 675 2464; x_wconf 86' lang='lat' dir='ltr'>ex</span> <span class='ocrx_word' id='word_1_201' title='bbox 695 2406 885 2464; x_wconf 89' lang='lat' dir='ltr'>similitudine</span> <span class='ocrx_word' id='word_1_202' title='bbox 904 2404 1035 2482; x_wconf 84' lang='lat' dir='ltr'>cupiebat</span> 
     </span>
     <span class='ocr_line' id='line_1_26' title="bbox 96 2495 1036 2572; baseline -0.006 -14"><span class='ocrx_word' id='word_1_203' title='bbox 96 2501 226 2560; x_wconf 89' lang='lat' dir='ltr'>ineuntis</span> <span class='ocrx_word' id='word_1_204' title='bbox 240 2497 357 2567; x_wconf 88' lang='lat' dir='ltr'>aetatis,</span> <span class='ocrx_word' id='word_1_205' title='bbox 371 2495 447 2572; x_wconf 90' lang='lat' dir='ltr'>quod</span> <span class='ocrx_word' id='word_1_206' title='bbox 461 2495 564 2554; x_wconf 90' lang='lat' dir='ltr'>summi</span> <span class='ocrx_word' id='word_1_207' title='bbox 576 2515 733 2572; x_wconf 90' lang='lat' dir='ltr'>puerorum</span> <span class='ocrx_word' id='word_1_208' title='bbox 751 2515 861 2552; x_wconf 86' lang='lat' dir='ltr'>amores</span> <span class='ocrx_word' id='word_1_209' title='bbox 879 2514 963 2571; x_wconf 85' lang='lat' dir='ltr'>saepe</span> <span class='ocrx_word' id='word_1_210' title='bbox 976 2515 1036 2553; x_wconf 88' lang='lat' dir='ltr'>una</span> 
     </span>
     <span class='ocr_line' id='line_1_27' title="bbox 96 2583 1035 2670; baseline -0.009 -19"><span class='ocrx_word' id='word_1_211' title='bbox 96 2612 161 2650; x_wconf 92' lang='lat' dir='ltr'>cum</span> <span class='ocrx_word' id='word_1_212' title='bbox 183 2593 339 2670; x_wconf 84' lang='lat' dir='ltr'>praetexta</span> <span class='ocrx_word' id='word_1_213' title='bbox 359 2593 429 2662; x_wconf 88' lang='lat' dir='ltr'>toga</span> <span class='ocrx_word' id='word_1_214' title='bbox 449 2589 644 2663; x_wconf 88' lang='lat' dir='ltr'>ponerentur:</span> <span class='ocrx_word' id='word_1_215' title='bbox 666 2589 714 2643; x_wconf 78' lang='lat'>34,</span> <span class='ocrx_word' id='word_1_216' title='bbox 736 2585 899 2642; x_wconf 88' lang='lat' dir='ltr'>sinautem</span> <span class='ocrx_word' id='word_1_217' title='bbox 917 2584 953 2642; x_wconf 88' lang='lat' dir='ltr'>ad</span> <span class='ocrx_word' id='word_1_218' title='bbox 969 2583 1035 2643; x_wconf 88' lang='lat' dir='ltr'>ado·</span> 
     </span>
    </p>
   </div>
   <div class='ocr_carea' id='block_1_3' title="bbox 94 2773 1036 2902">
    <p class='ocr_par' dir='ltr' id='par_1_3' title="bbox 94 2773 1036 2902">
     <span class='ocr_line' id='line_1_28' title="bbox 124 2773 1036 2840; baseline -0.01 -10"><span class='ocrx_word' id='word_1_219' title='bbox 124 2783 168 2830; x_wconf 73' lang='lat' dir='ltr'>Aa</span> <span class='ocrx_word' id='word_1_220' title='bbox 191 2780 262 2840; x_wconf 75' lang='lat' dir='ltr'>baec]</span> <span class='ocrx_word' id='word_1_221' title='bbox 305 2775 409 2824; x_wconf 75' lang='lat' dir='ltr'>‘Uolcas</span> <span class='ocrx_word' id='word_1_222' title='bbox 427 2790 473 2836; x_wconf 80' lang='lat' dir='ltr'>you</span> <span class='ocrx_word' id='word_1_223' title='bbox 492 2775 552 2822; x_wconf 87' lang='lat' dir='ltr'>bave</span> <span class='ocrx_word' id='word_1_224' title='bbox 584 2775 661 2834; x_wconf 82' lang='lat' dir='ltr'>(Verr.</span> <span class='ocrx_word' id='word_1_225' title='bbox 683 2775 707 2821; x_wconf 89' lang='lat' dir='ltr'>ii.</span> <span class='ocrx_word' id='word_1_226' title='bbox 728 2778 750 2830; x_wconf 80' lang='lat' dir='ltr'>b,</span> <span class='ocrx_word' id='word_1_227' title='bbox 771 2789 790 2820; x_wconf 93' lang='lat' dir='ltr'>c.</span> <span class='ocrx_word' id='word_1_228' title='bbox 810 2773 852 2836; x_wconf 87' lang='lat' dir='ltr'>i.);</span> <span class='ocrx_word' id='word_1_229' title='bbox 868 2773 915 2820; x_wconf 86' lang='lat' dir='ltr'>and</span> <span class='ocrx_word' id='word_1_230' title='bbox 933 2773 1036 2821; x_wconf 83' lang='lat' dir='ltr'>Terence</span> 
     </span>
     <span class='ocr_line' id='line_1_29' title="bbox 94 2837 773 2902; baseline -0.016 -9"><span class='ocrx_word' id='word_1_231' title='bbox 94 2843 291 2902; x_wconf 82' lang='lat' dir='ltr'>someobjection</span> <span class='ocrx_word' id='word_1_232' title='bbox 308 2844 335 2884; x_wconf 90' lang='lat' dir='ltr'>to</span> <span class='ocrx_word' id='word_1_233' title='bbox 352 2839 455 2884; x_wconf 85' lang='lat' dir='ltr'>maketo</span> <span class='ocrx_word' id='word_1_234' title='bbox 466 2838 551 2884; x_wconf 82' lang='lat' dir='ltr'>whntl</span> <span class='ocrx_word' id='word_1_235' title='bbox 584 2838 667 2902; x_wconf 85' lang='lat' dir='ltr'>(Adi.</span> <span class='ocrx_word' id='word_1_236' title='bbox 681 2837 773 2900; x_wconf 75' lang='lat'>1‚26):</span> 
     </span>
    </p>
   </div>
   <div class='ocr_carea' id='block_1_4' title="bbox 93 2887 1037 3046">
    <p class='ocr_par' dir='ltr' id='par_1_4' title="bbox 93 2887 1037 3046">
     <span class='ocr_line' id='line_1_30' title="bbox 93 2887 1037 2970; baseline -0.024 -14"><span class='ocrx_word' id='word_1_237' title='bbox 93 2909 153 2955; x_wconf 83' lang='lat' dir='ltr'>bave</span> <span class='ocrx_word' id='word_1_238' title='bbox 175 2905 245 2954; x_wconf 71' lang='lat' dir='ltr'>said!</span> <span class='ocrx_word' id='word_1_239' title='bbox 286 2901 553 2960; x_wconf 79' lang='lat' dir='ltr'>Thereisareading</span> <span class='ocrx_word' id='word_1_240' title='bbox 683 2887 1037 2970; x_wconf 49' lang='lat' dir='ltr'>„nonmeswhaboeomffl</span> 
     </span>
     <span class='ocr_line' id='line_1_31' title="bbox 94 2961 891 3046; baseline -0.024 -27"><span class='ocrx_word' id='word_1_241' title='bbox 94 2969 207 3024; x_wconf 63' lang='lat' dir='ltr'>‘adhuc&#39;</span> <span class='ocrx_word' id='word_1_242' title='bbox 219 2965 298 3014; x_wconf 80' lang='lat' dir='ltr'>which</span> <span class='ocrx_word' id='word_1_243' title='bbox 308 2963 386 3010; x_wconf 85' lang='lat' dir='ltr'>would</span> <span class='ocrx_word' id='word_1_244' title='bbox 399 2967 441 3010; x_wconf 90' lang='lat' dir='ltr'>not</span> <span class='ocrx_word' id='word_1_245' title='bbox 455 2963 502 3008; x_wconf 84' lang='lat' dir='ltr'>suit</span> <span class='ocrx_word' id='word_1_246' title='bbox 512 2961 553 3008; x_wconf 85' lang='lat' dir='ltr'>the</span> <span class='ocrx_word' id='word_1_247' title='bbox 617 2987 663 3033; x_wconf 66' lang='lat' dir='ltr'>pm</span> <span class='ocrx_word' id='word_1_248' title='bbox 673 3001 725 3033; x_wconf 65' lang='lat' dir='ltr'>meo</span> <span class='ocrx_word' id='word_1_249' title='bbox 734 2987 787 3046; x_wconf 60' lang='lat' dir='ltr'>jure</span> <span class='ocrx_word' id='word_1_250' title='bbox 798 2983 891 3044; x_wconf 53' lang='lat' dir='ltr'>agem„</span> 
     </span>
    </p>
   </div>
   <div class='ocr_carea' id='block_1_5' title="bbox 94 3049 1036 3154">
    <p class='ocr_par' dir='ltr' id='par_1_5' title="bbox 94 3049 1036 3154">
     <span class='ocr_line' id='line_1_32' title="bbox 94 3049 1036 3154; baseline -0.019 -11"><span class='ocrx_word' id='word_1_251' title='bbox 94 3049 185 3142; x_wconf 32' lang='lat' dir='ltr'>seipse&amp;</span> <span class='ocrx_word' id='word_1_252' title='bbox 206 3091 279 3154; x_wconf 79' lang='lat' dir='ltr'>jure]</span> <span class='ocrx_word' id='word_1_253' title='bbox 324 3087 362 3134; x_wconf 84' lang='lat' dir='ltr'>He</span> <span class='ocrx_word' id='word_1_254' title='bbox 386 3085 491 3146; x_wconf 83' lang='lat' dir='ltr'>explains</span> <span class='ocrx_word' id='word_1_255' title='bbox 517 3085 554 3132; x_wconf 87' lang='lat' dir='ltr'>his</span> <span class='ocrx_word' id='word_1_256' title='bbox 619 3087 656 3131; x_wconf 87' lang='grc'>10.</span> <span class='ocrx_word' id='word_1_257' title='bbox 673 3083 817 3141; x_wconf 77' lang='lat' dir='ltr'>Proeteata]</span> <span class='ocrx_word' id='word_1_258' title='bbox 841 3081 893 3126; x_wconf 71' lang='lat' dir='ltr'>Tne</span> <span class='ocrx_word' id='word_1_259' title='bbox 904 3055 968 3126; x_wconf 80' lang='lat' dir='ltr'>dress</span> <span class='ocrx_word' id='word_1_260' title='bbox 979 3079 1036 3126; x_wconf 83' lang='lat' dir='ltr'>with</span> 
     </span>
    </p>
   </div>
   <div class='ocr_carea' id='block_1_6' title="bbox 94 3141 1037 3470">
    <p class='ocr_par' dir='ltr' id='par_1_6' title="bbox 94 3141 1037 3470">
     <span class='ocr_line' id='line_1_33' title="bbox 94 3141 1036 3216; baseline -0.02 -12"><span class='ocrx_word' id='word_1_261' title='bbox 94 3159 206 3216; x_wconf 59' lang='lat' dir='ltr'>muninz</span> <span class='ocrx_word' id='word_1_262' title='bbox 223 3155 256 3214; x_wconf 81' lang='lat' dir='ltr'>by</span> <span class='ocrx_word' id='word_1_263' title='bbox 267 3151 351 3210; x_wconf 78' lang='lat' dir='ltr'>saying</span> <span class='ocrx_word' id='word_1_264' title='bbox 365 3150 419 3195; x_wconf 87' lang='lat' dir='ltr'>that</span> <span class='ocrx_word' id='word_1_265' title='bbox 434 3145 465 3193; x_wconf 89' lang='lat' dir='ltr'>he</span> <span class='ocrx_word' id='word_1_266' title='bbox 479 3148 499 3192; x_wconf 86' lang='lat' dir='ltr'>ie</span> <span class='ocrx_word' id='word_1_267' title='bbox 513 3148 554 3194; x_wconf 84' lang='lat' dir='ltr'>tha</span> <span class='ocrx_word' id='word_1_268' title='bbox 585 3145 682 3192; x_wconf 81' lang='lat' dir='ltr'>ebroad</span> <span class='ocrx_word' id='word_1_269' title='bbox 692 3145 775 3204; x_wconf 87' lang='lat' dir='ltr'>purple</span> <span class='ocrx_word' id='word_1_270' title='bbox 783 3143 845 3189; x_wconf 87' lang='lat' dir='ltr'>band</span> <span class='ocrx_word' id='word_1_271' title='bbox 854 3157 880 3187; x_wconf 90' lang='lat' dir='ltr'>or</span> <span class='ocrx_word' id='word_1_272' title='bbox 888 3143 951 3197; x_wconf 89' lang='lat' dir='ltr'>hem,</span> <span class='ocrx_word' id='word_1_273' title='bbox 959 3141 1036 3186; x_wconf 86' lang='lat' dir='ltr'>which</span> 
     </span>
     <span class='ocr_line' id='line_1_34' title="bbox 94 3200 1036 3274; baseline -0.019 -10"><span class='ocrx_word' id='word_1_274' title='bbox 94 3221 166 3274; x_wconf 74' lang='lat' dir='ltr'>elder,</span> <span class='ocrx_word' id='word_1_275' title='bbox 178 3218 226 3266; x_wconf 80' lang='lat' dir='ltr'>aud</span> <span class='ocrx_word' id='word_1_276' title='bbox 242 3213 362 3262; x_wconf 82' lang='lat' dir='ltr'>therefore</span> <span class='ocrx_word' id='word_1_277' title='bbox 379 3225 432 3270; x_wconf 63' lang='lat' dir='ltr'>mav</span> <span class='ocrx_word' id='word_1_278' title='bbox 444 3209 552 3269; x_wconf 84' lang='lat' dir='ltr'>properly</span> <span class='ocrx_word' id='word_1_279' title='bbox 583 3207 679 3253; x_wconf 85' lang='lat' dir='ltr'>marked</span> <span class='ocrx_word' id='word_1_280' title='bbox 690 3208 731 3251; x_wconf 86' lang='lat' dir='ltr'>the</span> <span class='ocrx_word' id='word_1_281' title='bbox 740 3205 859 3250; x_wconf 86' lang='lat' dir='ltr'>condition</span> <span class='ocrx_word' id='word_1_282' title='bbox 870 3204 897 3249; x_wconf 83' lang='lat' dir='ltr'>of</span> <span class='ocrx_word' id='word_1_283' title='bbox 906 3210 912 3230; x_wconf 77' lang='lat'>⁸</span> <span class='ocrx_word' id='word_1_284' title='bbox 920 3200 1036 3274; x_wconf 59' lang='lat' dir='ltr'>pueritia&#39;</span> 
     </span>
     <span class='ocr_line' id='line_1_35' title="bbox 94 3261 1035 3344; baseline -0.02 -18"><span class='ocrx_word' id='word_1_285' title='bbox 94 3284 158 3344; x_wconf 82' lang='lat' dir='ltr'>(meo</span> <span class='ocrx_word' id='word_1_286' title='bbox 167 3273 336 3343; x_wconf 77' lang='lat' dir='ltr'>jure)&#39;anewer</span> <span class='ocrx_word' id='word_1_287' title='bbox 344 3273 379 3319; x_wconf 83' lang='lat' dir='ltr'>sor</span> <span class='ocrx_word' id='word_1_288' title='bbox 387 3273 429 3317; x_wconf 85' lang='lat' dir='ltr'>the</span> <span class='ocrx_word' id='word_1_289' title='bbox 439 3285 551 3330; x_wconf 82' lang='lat' dir='ltr'>younger.</span> <span class='ocrx_word' id='word_1_290' title='bbox 583 3269 634 3314; x_wconf 69' lang='lat' dir='ltr'>&#39;Ibe</span> <span class='ocrx_word' id='word_1_291' title='bbox 653 3266 792 3326; x_wconf 79' lang='lat' dir='ltr'>‘praetexta&#39;</span> <span class='ocrx_word' id='word_1_292' title='bbox 810 3279 857 3310; x_wconf 84' lang='lat' dir='ltr'>was</span> <span class='ocrx_word' id='word_1_293' title='bbox 877 3265 926 3309; x_wconf 85' lang='lat' dir='ltr'>said</span> <span class='ocrx_word' id='word_1_294' title='bbox 948 3261 1035 3323; x_wconf 68' lang='lat' dir='ltr'>‘penu&#39;</span> 
     </span>
     <span class='ocr_line' id='line_1_36' title="bbox 94 3323 1036 3394; baseline -0.019 -10"><span class='ocrx_word' id='word_1_295' title='bbox 94 3347 175 3394; x_wconf 62' lang='lat' dir='ltr'>eiua-0</span> <span class='ocrx_word' id='word_1_296' title='bbox 197 3345 242 3391; x_wconf 64' lang='lat' dir='ltr'>has</span> <span class='ocrx_word' id='word_1_297' title='bbox 266 3339 318 3386; x_wconf 73' lang='lat' dir='ltr'>also</span> <span class='ocrx_word' id='word_1_298' title='bbox 341 3339 399 3393; x_wconf 81' lang='lat' dir='ltr'>‘pro</span> <span class='ocrx_word' id='word_1_299' title='bbox 418 3346 470 3378; x_wconf 84' lang='lat' dir='ltr'>meo</span> <span class='ocrx_word' id='word_1_300' title='bbox 485 3331 551 3389; x_wconf 82' lang='lat' dir='ltr'>jure&#39;</span> <span class='ocrx_word' id='word_1_301' title='bbox 583 3330 628 3374; x_wconf 86' lang='lat' dir='ltr'>and</span> <span class='ocrx_word' id='word_1_302' title='bbox 648 3329 689 3373; x_wconf 84' lang='lat' dir='ltr'>the</span> <span class='ocrx_word' id='word_1_303' title='bbox 711 3333 781 3384; x_wconf 82' lang='lat' dir='ltr'>‘toga</span> <span class='ocrx_word' id='word_1_304' title='bbox 802 3325 888 3369; x_wconf 85' lang='lat' dir='ltr'>virills’</span> <span class='ocrx_word' id='word_1_305' title='bbox 913 3337 961 3368; x_wconf 73' lang='lat' dir='ltr'>was</span> <span class='ocrx_word' id='word_1_306' title='bbox 987 3323 1036 3368; x_wconf 85' lang='lat' dir='ltr'>said</span> 
     </span>
     <span class='ocr_line' id='line_1_37' title="bbox 95 3381 1037 3470; baseline -0.025 -24"><span class='ocrx_word' id='word_1_307' title='bbox 95 3407 143 3470; x_wconf 62' lang='lat' dir='ltr'>(ne</span> <span class='ocrx_word' id='word_1_308' title='bbox 153 3391 551 3460; x_wconf 65' lang='lat' dir='ltr'>0„ii.72),and‘proeuojure&#39;</span> <span class='ocrx_word' id='word_1_309' title='bbox 585 3389 674 3434; x_wconf 81' lang='lat' dir='ltr'>‘sumi’</span> <span class='ocrx_word' id='word_1_310' title='bbox 699 3387 747 3445; x_wconf 81' lang='lat' dir='ltr'>(De</span> <span class='ocrx_word' id='word_1_311' title='bbox 769 3386 823 3429; x_wconf 80' lang='lat' dir='ltr'>Am.</span> <span class='ocrx_word' id='word_1_312' title='bbox 846 3397 866 3426; x_wconf 92' lang='lat' dir='ltr'>c.</span> <span class='ocrx_word' id='word_1_313' title='bbox 889 3381 921 3439; x_wconf 90' lang='grc'>1).</span> <span class='ocrx_word' id='word_1_314' title='bbox 962 3381 1037 3425; x_wconf 82' lang='lat' dir='ltr'>Orelli</span> 
     </span>
    </p>
   </div>
   <div class='ocr_carea' id='block_1_7' title="bbox 0 0 1190 3758">
    <p class='ocr_par' dir='ltr' id='par_1_7' title="bbox 0 0 1190 3758">
     <span class='ocr_line' id='line_1_38' title="bbox 0 0 1190 3758; baseline 0 2"><span class='ocrx_word' id='word_1_315' title='bbox 0 0 1190 3758; x_wconf 95' lang='lat' dir='ltr'> </span> 
     </span>
    </p>
   </div>
  </div>
 </body>
</html>
