2372 3758
121 166 179 222 120
495 165 683 226 LAELIUS.

119 318 179 394 egit
193 318 326 424 μοι),
340 320 514 380 auctoritate
534 327 565 380 et
584 322 742 380 offensione
762 317 850 380 animi
867 340 930 381 non
942 323 1055 384 acerba.

119 407 137 467 7
139 412 165 466 8.
182 408 376 480 Quamobrem
389 410 514 486 primum
525 412 618 470 danda
631 432 719 488 opera
731 417 777 470 est
788 432 885 489 nequa
897 414 1056 474 amicorum

119 496 237 555 discidia
249 498 337 570 ἥκοις
358 499 404 556 sin
414 501 473 558 tale
487 501 595 577 aliquid
604 502 741 573 evenerit,
751 506 786 558 ut
796 503 942 561 extinctae
955 505 1056 580 potius

118 586 259 644 amicitiae
272 607 359 664 qnam
372 608 525 666 oppressae
539 610 602 648 esse
612 591 772 649 videantur.
809 592 976 650 Cavendum
985 614 1056 653 vero

117 696 155 734 ne
168 677 257 744 etiam
268 677 300 734 in
313 697 413 752 graves
429 678 595 736 inimicitias
615 684 786 738 convertant
795 700 836 738 se
854 681 1005 755 amicitiae,
1019 703 1056 742 ex

117 766 221 842 quibus
240 767 346 843 jurgia,
370 768 530 838 meledicta,
555 770 747 828 conhrmeliae
773 769 951 846 gignuntur:
980 793 1056 849 quae

92 889 96 904 ·
117 863 215 914 tamen
237 856 262 912 si
285 856 449 914 tolerabiles
472 863 568 928 erunt,
590 858 725 916 ferendae
745 865 823 929 sunt,
844 865 875 917 et
894 861 942 919 hic
962 862 1055 921 honos

117 944 208 1002 veteri
215 944 357 1002 amicitiae
368 945 548 1018 tribuendus,
559 953 594 1004 ut
603 947 629 1004 is
639 947 671 1004 in
681 948 766 1026 culpa
779 948 818 1006 sit
828 949 878 1025 qui
887 949 983 1022 faciat,
993 971 1056 1010 non

116 1033 141 1090 is
152 1033 203 1110 qui
211 1034 340 1110 patiatur
350 1034 494 1111 injuriam.
524 1036 650 1094 Omnino
664 1037 793 1094 omnium
803 1038 907 1096 horum
916 1039 1055 1099 vitiorum

117 1127 203 1200 atque
216 1123 461 1182 incommodorum
471 1143 531 1182 una
540 1125 637 1183 cautio
648 1129 694 1184 est
706 1131 794 1202 etque
804 1147 864 1184 una
873 1129 1008 1204 provisio,
1019 1137 1056 1188 ut

116 1232 154 1270 ne
164 1212 250 1270 nimis
262 1213 319 1271 cito
329 1213 447 1289 diligere
457 1213 597 1291 incipiant
607 1234 679 1272 neve
690 1235 751 1273 non
760 1215 871 1292 dignos.
899 1216 946 1276 79.
961 1217 1056 1294 Digni

117 1307 214 1361 autem
233 1307 303 1362 sunt
319 1303 444 1362 amicitia
462 1303 566 1379 quibus
584 1303 616 1361 in
634 1304 705 1381 ipsis
724 1304 803 1363 inest
820 1325 907 1363 causa
919 1325 972 1364 cur
990 1307 1055 1366 dili·

116 1399 232 1468 gantur.
272 1393 383 1450 Rarum
403 1412 504 1468 genus,
518 1393 678 1470 etquidem
698 1393 796 1452 omnia
814 1396 960 1471 praeclara
978 1409 1055 1469 rara,

116 1483 337 1560 necquidquam
358 1483 500 1540 difficilius
514 1501 601 1559 quam
619 1483 746 1559 reperire
765 1484 842 1561 quod
863 1484 903 1542 sit
922 1485 1002 1543 omni
1017 1505 1056 1545 ex

116 1578 198 1648 parte
218 1573 250 1630 in
270 1593 322 1630 suo
343 1591 448 1648 genere
467 1572 637 1649 perfectum.
678 1573 734 1630 Sed
754 1573 883 1650 plerique
906 1594 1001 1652 neque
1020 1575 1055 1634 in

117 1662 203 1720 rebus
223 1661 356 1720 humanis
376 1661 532 1738 quidquam
550 1661 660 1721 bonurn
678 1667 789 1720 nomint
810 1663 868 1720 nisi
881 1663 959 1740 quod
975 1663 1054 1724 fruc·

151 1803 312 1868 Giynuntwr]
332 1807 567 1867 Seyfferthasanote
598 1806 648 1852 foul
666 1805 742 1852 words
759 1806 806 1852 and
826 1805 899 1852 abuse
918 1820 958 1852 are
977 1810 1003 1853 to
1021 1807 1055 1855 be

116 1884 147 1916 on
159 1868 317 1928 ‘gignentum’
328 1869 403 1915 which
417 1870 448 1915 he
462 1870 567 1929 explains
598 1869 702 1915 endured
722 1874 748 1915 to
769 1884 784 1914 e
805 1869 893 1915 certain
915 1874 997 1916 extent
1019 1869 1054 1932 (ai

116 1933 235 1992 correctly.
268 1931 566 1992 Tbeclause‘exquihus’
598 1931 730 1978 tolerabiles
744 1931 839 1994 erunt);
853 1931 995 1978 fochman
1004 1935 1054 1980 wir-

115 1991 220 2041 conteins
230 2009 244 2040 a
254 1993 334 2048 direct,
345 1991 503 2053 independent
513 2009 566 2054 pre-
597 1997 639 2040 tue
649 1993 689 2040 did
699 1998 742 2040 not
757 1995 848 2054 require
864 2009 878 2040 a
895 2009 951 2040 man
966 1997 993 2041 ιο
1009 2010 1053 2042 en·

115 2053 215 2104 dicetion
226 2071 252 2103 es
262 2062 288 2102 ιο
297 2060 395 2116 “gram
405 2055 566 2103 inimicitiae.''
598 2057 656 2103 dure
666 2071 735 2116 every
745 2055 821 2115 thing.
844 2055 926 2102 Cicero
938 2071 990 2116 says
1002 2057 1055 2119 (De

115 2119 154 2166 On
166 2134 192 2166 so
202 2121 368 2166 niceamatter
376 2119 431 2165 does
439 2119 487 2165 this
497 2134 566 2180 ques·
598 2119 646 2165 Off.
663 2120 679 2165 i.
693 2119 741 2180 11),
760 2120 827 2165 ‘that
837 2134 852 2164 a
864 2119 925 2165 limit
940 2125 1005 2166 must
1021 2121 1054 2169 be

114 2183 165 2229 tion
176 2183 203 2229 of
210 2183 250 2229 the
260 2182 384 2228 indicative
398 2182 444 2228 and
454 2181 565 2242 subjunc·
597 2182 709 2228 obserwed
725 2183 750 2228 in
760 2182 875 2242 avmrging
890 2182 937 2227 and
952 2184 1053 2242 punish.

114 2244 161 2292 tive
176 2246 241 2292 often
257 2250 321 2301 turn,
336 2245 389 2291 that
404 2259 484 2292 aman
502 2248 567 2291 must
597 2244 653 2304 ing‚'
671 2244 746 2290 which
754 2245 846 2304 implies
856 2245 910 2290 that
920 2259 946 2290 as
956 2260 970 2291 s
980 2260 1053 2306 gene-

114 2309 173 2369 keep
192 2309 229 2355 his
245 2307 429 2368 uuderstanding
447 2307 521 2354 active
539 2308 565 2352 in
595 2307 690 2352 ralrnle
700 2307 817 2367 aninjury
823 2311 887 2352 must
897 2307 1054 2356 beresented.

115 2373 183 2418 order
203 2377 229 2419 ιο
251 2371 386 2432 apprehend
404 2371 439 2427 it;
461 2384 506 2416 one
523 2370 564 2416 ad-
597 2369 629 2415 So
649 2369 705 2415 here
725 2369 756 2415 he
777 2384 843 2429 says:
868 2369 940 2416 “this
957 2377 1054 2432 respect

114 2439 212 2495 vantage
230 2435 258 2481 os
271 2435 368 2493 reading
385 2434 473 2480 writers
488 2433 566 2478 whom
597 2437 661 2478 must
682 2431 712 2478 be
732 2431 786 2492 paid
807 2436 833 2477 to
855 2431 895 2478 old
911 2432 1053 2495 friendship,

114 2512 159 2544 one
176 2502 239 2544 must
254 2497 309 2544 read
320 2497 376 2542 with
393 2511 445 2542 cere
457 2497 483 2542 in
498 2495 566 2542 order
596 2495 649 2540 thet
659 2494 689 2540 he
699 2495 759 2540 shall
775 2494 805 2540 be
819 2495 845 2540 in
860 2494 920 2540 fault
930 2495 985 2542 who
995 2497 1054 2544 does

113 2564 139 2607 ιο
156 2561 308 2608 understand.
341 2558 456 2606 Ernesti’s
473 2561 524 2604 text
541 2557 569 2603 of
596 2557 639 2602 the
649 2571 738 2617 wrong,
749 2562 793 2602 not
808 2557 838 2602 he
848 2557 900 2602 who
912 2558 995 2604 suffers
1006 2558 1053 2606 it.”

114 2624 160 2670 this
171 2638 268 2684 passage
278 2624 304 2668 in
314 2623 355 2668 the
366 2622 466 2668 london
476 2621 567 2680 reprint
597 2619 644 2666 We
660 2625 724 2666 must
738 2633 829 2666 reverse
844 2619 886 2666 the
901 2621 960 2676 rule,
973 2621 1053 2669 which

114 2687 134 2732 is
154 2702 170 2732 a
191 2686 314 2746 curiosity:
339 2684 491 2730 “cavendum
511 2697 566 2728 vero
597 2682 792 2742 requireseman
808 2687 833 2728 ιο
848 2687 1053 2746 reseutawrcug,

114 2752 158 2803 est,
169 2763 215 2794 ne.
226 2781 232 2793 .
242 2781 248 2794 .
258 2762 282 2794 se
294 2747 424 2793 amicitiae:
441 2744 567 2806 exquibus
598 2745 644 2790 and
655 2759 738 2791 excuse
753 2745 803 2790 him
819 2749 862 2790 out
877 2745 904 2790 of
919 2751 1012 2806 respect
1026 2753 1054 2795 to

114 2808 466 2932 iamet-hant
474 2809 567 2917 {tlt}
597 2807 1043 2930 *attitulatum

114 2935 199 2996 quibus
281 2933 431 2994 gignamurss'
449 2935 506 2980 thus
525 2933 565 2979 de-
600 2934 636 2988 16,
651 2934 688 2978 lc.
722 2931 817 2978 ‘Neve’
829 2947 856 2978 or
870 2932 949 2988 ‘nem'
960 2933 1054 2981 follows

113 2998 196 3044 tached
208 2997 268 3043 l'rom
278 2997 342 3042 what
352 2997 468 3056 precedes.
597 2995 695 3041 another
707 2994 766 3047 ‘na'
778 2997 825 3042 and
842 2995 976 3042 sometimes
994 3002 1000 3024 ¹
1009 2997 1053 3044 ut'

149 3061 215 3115 Quae
233 3065 311 3106 tamen
323 3059 356 3118 ei]
390 3059 469 3105 When
480 3058 566 3104 friend·
597 3059 666 3117 only3
685 3073 711 3104 as
727 3058 793 3105 Caes.
810 3058 869 3104 Bell
888 3058 950 3105 Gall
967 3059 993 3105 ii.
1010 3062 1051 3108 al.

114 3123 166 3182 ship
185 3136 263 3167 comes
281 3127 307 3167 ιο
324 3136 355 3166 an
372 3121 425 3176 end,
443 3123 463 3166 it
481 3121 565 3166 should
598 3120 695 3166 ‘Neve'
714 3121 734 3166 ia
753 3121 887 3167 sometimes
904 3121 964 3167 used
982 3122 1053 3169 when

113 3184 159 3230 eud
169 3183 284 3242 decently.
310 3183 388 3228 Tbere
398 3183 482 3229 should
492 3182 522 3228 be
533 3195 564 3228 no
596 3183 698 3228 tharsis
714 3197 746 3229 nc
763 3181 859 3240 ‘ne,’in
875 3184 1013 3231 wmmands
1026 3199 1054 3232 cr

113 3245 226 3304 brawling
242 3259 270 3290 or
287 3244 435 3303 quarrelling.
467 3243 525 3289 'l'lris
542 3245 564 3290 is
595 3248 710 3303 precepts,
722 3246 800 3292 orthe
811 3246 865 3292 like.
885 3245 950 3306 virg.
964 3247 1053 3309 Θεοῖς.

113 3308 154 3352 the
164 3307 243 3352 advice
253 3307 303 3351 ola
314 3306 405 3350 Roman
421 3305 562 3364 gentlemau.
594 3306 618 3350 ii.
634 3308 690 3362 298,
707 3307 739 3353 iv.
751 3309 799 3363 ⁴73
816 3308 876 3354 Hor.
896 3307 975 3356 Curm.
993 3310 1011 3357 i.
1029 3315 1053 3368 ιι,

115 3369 219 3428 Hegeas
235 3382 261 3414 so
276 3367 563 3426 farutosaythateven
596 3367 633 3421 47.
