2362 3756
483 133 571 192 OAP.
591 133 630 192 V.
986 141 1024 194 15

72 292 179 371 inquit,
202 290 287 370 quod
308 309 442 349 accusem
468 294 657 348 senectutem.
700 293 747 347 14.
772 291 954 350 Praeclarum
980 312 1025 350 re-

73 405 216 463 sponsum
236 389 270 442 ct
284 382 372 440 docto
393 380 509 438 homine
523 379 652 456 dignum.
694 383 754 440 Suu
773 381 851 439 enim
864 381 935 440 vitis
955 383 1024 442 insi·

71 477 189 554 pientes
203 480 237 533 et
256 493 343 532 suam
365 472 480 549 culpam
500 471 532 529 in
553 476 735 529 senectutem
755 471 926 545 confenmt;
947 475 1024 552 quod

72 587 133 627 uon
144 566 277 626 faciebat
290 565 317 622 is
332 563 417 640 cujus
431 562 517 620 modo
530 563 709 622 mentionem
721 561 786 634 feci,
800 563 914 624 Ennius
925 590 933 624 ε
989 639 995 652 ι

236 693 307 740 Sicut
317 691 385 747 fortis
396 705 479 752 equus,
491 691 566 752 spatio
578 691 618 752 qni
630 706 699 752 saepe
710 705 820 750 supremo

237 768 303 815 Vicit
315 766 435 828 Olympia,
447 781 511 814 nuuc
523 767 588 814 senio
599 766 715 814 coniectu’
728 767 834 828 quiescit.

73 882 148 960 Elqni
160 881 252 940 fortis
274 879 439 964 et'victoris
460 879 605 937 senectuti
625 883 774 956 comperet
795 899 885 938 suem.
927 880 1023 954 Quem

73 973 190 1049 quidem
212 972 308 1050 probe
330 969 496 1028 meminisse
519 969 652 1047 potestis.
693 971 782 1027 Anno
803 970 881 1028 enim
904 971 1022 1029 undevi-

74 1064 179 1122 cesimo
200 1068 273 1142 post
298 1062 362 1140 ejus
386 1066 508 1118 mortem
533 1061 565 1118 hi
588 1061 722 1119 consules
741 1061 775 1118 Τ.
789 1061 971 1120 Flamininus
992 1067 1023 1120 et

74 1154 128 1213 Μ’.
141 1154 262 1213 Acilius
283 1151 357 1210 fecti
379 1157 466 1223 sunt;
486 1151 535 1209 ille
555 1156 654 1210 sutem
676 1151 821 1228 Caepione
843 1157 874 1209 et
888 1151 1022 1230 Philippo

75 1244 181 1304 iterum
201 1243 384 1304 Consulibus
404 1247 538 1301 mortuus
558 1247 623 1300 est:
645 1262 734 1320 quum
755 1261 809 1318 ego
830 1243 945 1319 quidem
958 1261 980 1301 v
992 1233 1023 1302 et

15 1401 19 1418 .
76 1354 114 1394 ur
132 1356 229 1394 annos
250 1338 343 1392 nstris
361 1333 455 1410 legem
475 1333 637 1392 Voconiam
663 1353 769 1409 magne
788 1353 857 1392 voce
885 1333 1022 1394 ethonis

75 1425 216 1485 lateribus
242 1424 410 1484 suasissem.
450 1424 555 1482 Annos
578 1441 641 1481 cxx
663 1429 760 1495 nctus,
782 1429 829 1482 tot
852 1423 930 1482 enim
950 1424 1023 1482 vixit

76 1517 198 1588 Ennius,
222 1517 268 1574 its
295 1515 409 1573 ferebat
432 1515 489 1574 duo
513 1535 587 1592 quae
613 1515 737 1574 maxima
763 1519 908 1592 putentur
934 1535 1023 1574 onere

76 1613 282 1687 paupertatem
296 1611 329 1664 et
343 1608 532 1678 senectutem,
545 1611 580 1663 ut
598 1605 640 1664 eis
658 1625 751 1683 paene
765 1606 901 1664 delectari
913 1607 1022 1666 videre-

76 1703 132 1757 tur.
176 1701 226 1757 15.
247 1695 380 1768 Etenim,
402 1717 492 1774 quum
512 1696 692 1774 contemplor
712 1695 816 1770 enimc,
835 1703 959 1776 quotuor
978 1718 1022 1757 re·

76 1790 155 1866 perio
176 1809 282 1848 causas
304 1807 358 1846 cur
380 1792 514 1846 senectus
534 1786 640 1845 misere
658 1787 809 1846 videatur:
830 1809 927 1863 unam,
945 1790 1023 1868 qnod

76 1885 176 1940 avocet
203 1900 223 1938 a
248 1879 340 1936 rebus
366 1878 517 1955 gerendis;
547 1878 675 1950 alterum,
699 1879 777 1956 quod
804 1900 908 1958 corpus
935 1881 1023 1940 faciet

76 1971 238 2041 infirmius3
252 1969 382 2040 tertiam,
393 1969 470 2046 quod
479 1968 574 2046 privet
588 1969 723 2028 omnibus
735 1971 796 2030 fere
806 1973 1022 2049 voluptatibus;

77 2068 220 2138 quartam,
243 2059 324 2138 quod
347 2059 425 2118 haud
448 2060 552 2139 procul
574 2059 651 2118 absit
674 2081 692 2118 c
714 2067 817 2120 morte.
857 2064 974 2136 Earum,
997 2063 1023 2122 si

77 2153 180 2230 placet,
200 2171 357 2212 causarum
379 2157 488 2229 quanta
508 2170 650 2229 quemque
674 2151 713 2212 sit
729 2153 811 2230 justa
834 2175 1023 2233 nusquamque

79 2243 237 2303 videamus.

79 2431 209 2480 ridentur”
230 2431 282 2492 (sce
300 2431 350 2478 also
367 2431 405 2478 De
421 2431 476 2479 Seu.
489 2433 537 2488 21;
570 2432 659 2480 Cicero.
703 2434 739 2481 Its
760 2433 892 2495 provisions
918 2447 958 2480 arc
979 2433 1022 2480 cb-

80 2497 117 2542 Dc
136 2498 194 2543 Am.
214 2498 253 2550 13,
273 2494 334 2558 21):
360 2499 480 2542 “remons
501 2495 539 2541 ior
570 2497 1022 2558 scurelystetedbythccncicntsntho-

79 2560 118 2606 old
128 2575 172 2620 ege
183 2559 256 2618 being
266 2558 403 2605 considered
414 2557 538 2606 miserebis
568 2560 640 2616 sities,
659 2561 703 2608 but
718 2562 759 2608 the
775 2561 868 2622 general
884 2561 962 2620 object
975 2577 1023 2609 was

81 2623 92 2669 1
103 2623 154 2669 find
165 2629 191 2669 to
202 2623 234 2668 bc
244 2622 324 2668 iour.⁷’
569 2629 594 2670 te
612 2624 673 2671 limit
691 2625 732 2672 the
749 2629 847 2672 amount
866 2625 893 2671 oi
912 2633 1023 2688 property

113 2689 180 2736 Μ
210 2684 345 2746 olympica]
381 2685 491 2746 Olympia
516 2686 537 2733 is
569 2687 748 2734 thstswomcu
760 2688 829 2734 could
845 2689 1022 2738 takeushcres.

79 2750 120 2797 the
130 2750 263 2797 sccusstive
279 2749 357 2808 plural
368 2749 395 2794 oi
403 2750 536 2810 Olympius,
571 2750 663 2812 (Gaius,
690 2752 714 2797 ii.
739 2752 804 2812 274.)
846 2753 890 2800 See
913 2753 1022 2814 savigny,

79 2814 125 2860 end
146 2814 190 2860 tbe
207 2813 371 2858 construction
389 2813 410 2858 is
426 2828 441 2858 c
460 2813 538 2859 Greek
569 2814 717 2860 Vermischte
739 2815 864 2871 Schriften,
884 2817 965 2864 Ueber
986 2819 1023 2864 die

80 2891 158 2938 usage,
165 2877 214 2922 like
222 2877 253 2921 nl
263 2876 350 2922 πάντα
359 2878 441 2931 νικᾶν,
449 2875 538 2937 μάχην
570 2877 620 2923 Lex
631 2877 743 2924 Voconia.

80 2945 162 2996 νικᾶν,
174 2938 304 2999 Ὀλύμπια
318 2939 414 2984 sescn-
602 2941 677 2987 Bom'e
698 2941 825 3002 lateribus]
862 2942 943 2988 ‘With
962 2943 1023 3002 good

111 3003 158 3050 Μ’.
170 3001 282 3060 Acidim]
313 3001 358 3047 Μ’.
371 3002 391 3047 is
402 3001 443 3048 the
454 3001 538 3047 abbre-
570 3002 649 3059 sides,’
679 3008 774 3064 ‘strong
801 3004 879 3061 sides,’
901 3007 977 3052 scund
998 3006 1024 3050 in

80 3065 537 3124 vindoniorMuuiuscRomcnprcc-
569 3066 640 3112 wind.
674 3067 758 3128 Comp.
774 3081 794 3113 c.
808 3072 831 3116 9.
866 3068 955 3116 Plinius
967 3068 1023 3128 (Ep.

80 3143 174 3186 nomeu,
185 3128 266 3174 which
283 3127 327 3173 the
345 3127 417 3174 MSS.
435 3128 481 3173 und
497 3129 539 3175 the
569 3129 594 3175 ii.
616 3128 655 3192 ll)
679 3145 738 3191 scys,
763 3136 813 3176 “nt
831 3131 923 3191 saepius
942 3133 1023 3189 edmo-

79 3193 166 3240 cditors
185 3194 247 3239 heve
267 3191 333 3237 often
349 3191 487 3252 incorrectly
500 3206 537 3238 re-
569 3197 636 3238 neret
652 3195 704 3240 voci
720 3195 833 3254 laterique
850 3192 1022 3242 consulerem.”

80 3256 158 3316 phced
169 3257 203 3318 by
215 3255 253 3301 M.
267 3254 410 3300 orMcrcus.
570 3255 606 3302 of
619 3271 634 3301 s
652 3271 737 3316 person
755 3258 807 3302 who
824 3258 845 3304 is
862 3258 960 3303 wear-iod
977 3253 1024 3301 sud

109 3321 198 3381 Lenem
225 3316 370 3376 Voconiam]
415 3315 474 3363 This
499 3317 539 3364 lex
569 3319 668 3378 punting
684 3320 725 3366 the
737 3320 834 3367 Italicus
850 3335 892 3380 say
909 3319 946 3367 ‘e’
958 3319 1024 3365 batte

79 3397 123 3432 ns
136 3381 240 3432 cueded
258 3393 307 3427 nc.
322 3380 368 3428 169
379 3379 538 3440 socordiugto
569 3381 690 3430 ilfisnco!
723 3383 855 3430 Forcellini.
