2296 3752
251 189 555 249 EPISTOLABUM
566 191 694 280 vLIBRI
713 191 814 250 DUO.
945 191 1001 251 197

47 352 105 406 sut
123 345 159 406 in
177 344 314 424 praemio
328 344 445 403 virtutis
467 344 570 402 autin
591 345 700 404 honore
713 345 874 405 verborum.
916 345 955 404 Id
968 365 1002 404 ex

47 437 117 515 ipso
131 438 267 496 Senutus
288 435 423 526 consulto
442 435 551 512 poteris
573 455 754 512 cognoscere.
796 438 846 495 Its
865 436 942 495 enim
957 442 1002 496 est

48 527 256 605 perscriptum
271 530 307 582 ut
320 544 339 582 a
351 544 398 583 me
412 524 447 582 de
465 525 573 603 scripto
592 525 669 584 dicta
689 527 835 586 sententia
848 532 902 598 est,
917 548 1002 604 quum

50 619 186 676 Senatus
208 614 349 692 frequens
373 619 489 673 secutus
513 621 559 674 est
584 635 696 674 summo
721 617 818 675 studio
841 637 1002 695 magnoque

50 725 215 766 consensu.
267 705 333 781 Ego
360 697 531 782 quemquem
557 725 593 763 ex
618 707 678 764 tuis
704 706 806 779 literis,
834 727 905 784 quas
932 709 1003 766 mihi

51 796 174 867 misisti,
202 813 408 872 perspexeram
434 800 465 852 te
491 796 583 872 magis
608 795 718 874 judicio
748 797 891 855 bonorum
917 817 1002 873 quem

51 885 226 962 insignibus
254 883 363 960 gloriae
383 883 525 956 delectari,
539 891 639 944 tumen
659 886 899 944 considerandum
918 889 1002 947 nobis

52 975 233 1046 existimavi,
248 974 364 1032 etiamsi
381 979 417 1032 tu
435 975 508 1032 nihil
529 977 700 1052 postulares,
713 982 856 1053 quantum
874 977 928 1035 tibi
941 998 958 1036 s
971 998 1002 1036 re

53 1067 175 1143 publicu
204 1065 371 1126 deberetur.
411 1065 457 1122 Tu
480 1071 617 1124 contexes
644 1071 773 1124 extremo
799 1087 865 1124 cum
891 1067 1001 1144 primis.

55 1157 118 1230 Qui
132 1155 215 1214 enim
228 1154 276 1212 M.
291 1154 455 1212 Antonium
474 1155 657 1232 oppresserit,
672 1157 697 1214 is
715 1156 822 1214 bellum
837 1157 1001 1216 confecerit.

55 1247 165 1322 Itaque
181 1245 336 1304 Homerus
356 1264 417 1302 non
434 1245 562 1321 Ajacem,
581 1265 636 1304 nec
649 1246 802 1319 Achillem,
822 1247 873 1306 sed
886 1248 1003 1307 Ulixem

54 1336 216 1415 appellavit
231 1341 425 1411 πτολίπορθον.
466 1335 548 1394 Vule.

303 1517 351 1572 30.
374 1513 526 1572 CICERO
548 1514 716 1574 PLANCO
738 1516 767 1574 S,

354 1628 397 1704 (x.
413 1631 460 1686 14.
500 1647 530 1685 n.
545 1646 576 1686 n.
592 1646 618 1686 c.
635 1627 716 1705 711.)

59 1745 85 1804 Ο
99 1750 219 1823 gratam
232 1741 339 1800 fumum
352 1741 441 1800 biduo
455 1748 523 1800 ante
536 1742 685 1801 victoriam
700 1743 735 1802 de
749 1743 878 1804 subsidio
891 1749 952 1817 tuo,
968 1745 1003 1804 de

58 1835 168 1906 studio,
192 1833 230 1891 de
255 1831 411 1904 celeritate,
430 1831 466 1890 de
490 1832 597 1908 copiis!
638 1833 738 1910 Atque
762 1833 848 1893 etiam
870 1835 1003 1895 hostibus

57 1925 132 1984 fusis
147 1942 218 2001 spes
233 1921 328 1980 omnis
341 1927 386 1979 est
399 1921 431 1978 in
443 1927 483 1979 te.
514 1921 638 1998 Fugisse
652 1924 730 1982 enim
748 1943 783 1982 ex
802 1925 910 2002 praelio
931 1927 999 1984 Mu·

57 2014 171 2075 tinensi
191 2012 333 2071 dicuntur
353 2010 498 2069 notissimi
521 2011 667 2071 latronum
688 2013 785 2073 duces.
826 2016 882 2073 Est
901 2023 999 2075 eutem

57 2125 119 2163 non
140 2103 242 2162 minus
263 2107 379 2177 gratum
393 2106 523 2160 extrema
536 2101 630 2160 delere
644 2123 730 2180 quam
743 2104 836 2181 primu
849 2105 998 2185 depellere.

58 2193 207 2272 Equidem
221 2191 422 2268 exspectabam
431 2191 494 2269 jam
506 2195 573 2249 tuas
586 2193 685 2250 literas
698 2193 785 2270 idque
805 2214 870 2253 cum
884 2197 1002 2256 multis:

60 2283 273 2361 sperabamque
291 2281 379 2339 etiam
393 2281 538 2359 Lepidum
554 2282 742 2360 reipublicae
758 2285 938 2361 temporibus
955 2287 1004 2346 sd·

59 2373 210 2432 monitum
233 2377 332 2429 tecum
353 2375 384 2429 et
407 2391 474 2428 cum
495 2372 664 2448 republica
685 2393 748 2431 esse
770 2373 924 2434 facturum.
965 2377 1024 2436 Inv

60 2464 141 2522 illum
163 2461 257 2539 igitur
274 2480 373 2520 curem
393 2461 538 2532 incumbe,
551 2462 592 2518 mi
606 2463 720 2534 Plance,
734 2467 769 2520 ut
787 2483 825 2521 ne
839 2484 912 2541 quse
931 2466 1004 2525 scin·

93 2650 277 2702 Ex-Senufue
287 2647 406 2708 οοπουὶέο]
429 2646 519 2694 Acon·
551 2649 598 2694 sud
608 2649 737 2710 beginning
747 2649 879 2708 together.”

63 2714 154 2760 cultum
176 2711 206 2758 of
221 2712 263 2757 the
280 2715 367 2766 munte,
385 2716 480 2758 orvote
495 2709 523 2757 of
583 2713 622 2760 ³⁰.
643 2713 787 2772 Victoriam]
822 2713 873 2760 The
887 2713 962 2761 battle
981 2716 1008 2763 of

63 2777 151 2823 thsnks
161 2779 189 2821 to
201 2774 300 2820 Plancus
315 2773 353 2820 for
365 2773 402 2820 his
413 2773 519 2829 services,
551 2773 654 2830 Mutina,
666 2776 692 2822 in
702 2775 777 2821 which
788 2776 824 2822 M.
833 2776 951 2826 Antonius
958 2796 1006 2829 ποι

64 2839 105 2886 the
114 2843 190 2886 terum
200 2836 228 2882 of
236 2836 319 2892 which,
330 2851 356 2882 es
367 2836 448 2883 Cicero
459 2850 519 2896 says,
552 2837 658 2884 defeated
666 2838 745 2884 before
753 2839 852 2886 Plancus
863 2842 932 2888 could
940 2859 1006 2892 come

65 2901 166 2948 ποιοίη
183 2899 324 2946 uceurdunee
333 2899 521 2946 withuwritten
552 2900 631 2946 tothe
640 2901 708 2947 relisi
715 2901 742 2946 of
750 2902 781 2947 D.
793 2902 889 2950 Brutus.

66 2961 177 3025 proponi
198 2961 226 3008 of
249 2962 286 3008 his
307 2975 367 3018 οπο,
393 2962 441 3009 and
462 2976 522 3008 were
585 2963 715 3023 Lepidum]
751 2964 787 3010 M.
804 2965 919 3013 Aemilius
935 2967 1005 3030 Lepi·

67 3027 150 3089 copied
166 3025 228 3072 from
240 3025 276 3071 his
287 3024 407 3080 disteden,
423 3024 470 3071 end
480 3039 522 3085 sp·
554 3025 605 3082 dus,
628 3027 681 3073 who
696 3027 850 3074 commended
868 3044 884 3076 ο
903 3030 966 3078 force
982 3034 1007 3078 in

67 3089 155 3150 proved
171 3088 229 3148 bys
245 3086 319 3150 full(
369 3086 439 3150 ueus)
455 3102 522 3134 senu-
553 3089 595 3134 the
617 3089 694 3143 north,
712 3104 727 3134 s
749 3089 834 3149 ‘slight
854 3094 1008 3140 unmeritsble

67 3158 114 3200 tus.
131 3150 523 3200 ssb‘aensmsoomulmm’wss
554 3150 617 3197 mcn’
641 3150 678 3212 (ss
700 3151 831 3212 Shukspere
858 3154 913 3200 cells
938 3156 1007 3217 him),

68 3215 110 3262 the
122 3213 240 3274 ‘insignis
250 3212 353 3274 glorius!
553 3213 607 3260 who
628 3213 763 3262 afterwards
778 3216 858 3273 joined
877 3216 913 3262 M.
931 3217 1007 3264 Anto-

104 3275 233 3336 Gonfms]
278 3275 301 3322 A
321 3275 446 3335 metaphor
463 3275 524 3321 from
554 3276 608 3321 nius
635 3276 682 3322 and
703 3276 846 3324 Octavianus
871 3277 957 3324 Cesssr
983 3279 1008 3323 in

70 3341 182 3400 ποοπίος,
206 3341 276 3400 “you
296 3337 344 3384 will
369 3338 441 3384 finish
461 3337 524 3382 whst
555 3337 657 3396 forming
672 3338 714 3382 the
729 3337 940 3389 trinmrirsteend
954 3352 1008 3395 pro·

71 3402 151 3452 others
171 3401 231 3448 burc
252 3399 345 3461 begunr
368 3400 397 3446 fit
416 3399 458 3446 the
478 3397 525 3444 eud
557 3398 659 3458 scribing
670 3398 751 3444 Cicero
761 3398 808 3442 end
819 3397 905 3442 others.
