2372 3758
168 199 226 256 108
544 195 734 257 LAELIUS.
1092 191 1106 214 ⁵
1150 54 1159 251 l

167 353 241 412 fines
255 357 285 411 et
299 351 381 428 quasi
394 350 513 409 termini
526 350 681 428 diligendi;
703 350 738 410 de
752 352 856 430 quibus
873 358 933 412 tres
946 342 1029 413 video
1041 373 1101 413 sen·

167 443 276 502 tentiae
289 441 360 500 ferri
372 461 493 519 quarum
506 443 616 500 nullam
629 443 737 520 pr0b0;
756 463 844 500 unam
858 449 894 500 ut
907 444 1007 502 eodem
1021 445 1101 504 modo

167 553 236 610 erga
249 533 355 591 amium
369 527 466 590 affeeti
479 532 569 589 simus
583 552 639 609 quo
654 551 723 608 erga
740 538 856 590 nosmet
868 533 967 610 ips0s;
987 533 1103 592 alteram

166 629 201 682 ut
214 629 315 682 nostra
328 623 359 680 in
370 623 476 682 amicos
490 621 692 680 benevolentia
705 621 820 680 illorum
834 643 903 698 erga
915 643 969 681 nos
984 623 1100 682 benevo-

165 713 273 772 lentiae
283 713 393 791 pariter
403 711 617 789 aequaliterque
627 712 818 788 respondeet;
832 705 949 770 tertiam
960 719 994 771 ut
1004 714 1102 792 quenti
1160 719 1162 725 ’

166 805 287 881 quisque
304 823 335 862 se
353 803 416 880 ipse
428 802 507 875 facit,
520 802 599 860 tanti
618 802 671 859 fiat
688 801 725 859 ab
738 801 846 860 amieis.
888 803 1003 861 Herum
1016 803 1103 862 trium

166 894 377 952 sententiarum
390 893 464 950 nulli
474 911 593 969 prorsus
607 891 759 950 assentior.
788 893 853 950 Nee
867 893 944 950 enim
954 893 1003 952 illa
1014 893 1103 970 prima

165 1003 233 1042 vera
245 989 291 1042 est
304 989 340 1041 ut
351 982 592 1060 quemadmodum
601 981 634 1039 in
648 1002 679 1040 se
689 982 819 1058 quisque,
829 982 870 1040 sie
884 983 917 1040 in
930 983 1053 1040 amicum
1066 983 1103 1042 sit

165 1074 320 1132 animatus.
361 1074 409 1132 57.
432 1073 528 1147 Quam
541 1073 633 1131 multa
647 1073 724 1130 enim
738 1093 811 1149 quae
824 1073 919 1132 nostri
933 1094 1019 1132 causa
1031 1094 1102 1132 nun-

166 1183 252 1240 quam
265 1163 433 1236 faceremus,
446 1163 568 1222 facimus
588 1183 675 1221 eausa
692 1163 868 1234 amicorum
888 1164 1000 1241 precari
1012 1163 1047 1222 ab
1060 1165 1103 1222 in·
1144 1156 1147 1164 ’

166 1254 262 1331 digno,
278 1254 439 1332 supplicare
451 1279 458 1325 3
479 1260 543 1311 tum
563 1252 694 1311 aoerbius
712 1253 744 1310 in
758 1253 883 1329 aliquem
895 1253 1000 1326 invehi,
1014 1253 1104 1312 insee-

165 1345 278 1422 tarique
301 1344 518 1414 vehementius3
548 1363 622 1420 quae
648 1343 681 1400 in
706 1343 816 1401 nostris
840 1344 928 1402 rebus
950 1363 1011 1402 non
1034 1344 1104 1402 satis

165 1435 296 1508 honeste,
310 1435 342 1493 in
362 1435 519 1493 amicorum
540 1434 617 1491 fiunt
635 1433 858 1491 honestissime:
879 1433 1045 1510 multaeque
1057 1453 1105 1492 res

166 1533 237 1585 sunt
250 1527 282 1585 in
292 1527 396 1605 quibus
407 1527 443 1584 de
457 1525 517 1584 sitis
530 1523 687 1583 commodis
696 1523 750 1581 viri
761 1523 832 1582 boni
845 1524 938 1582 multe
948 1523 1106 1582 detrahunt

166 1617 335 1694 detrahique
343 1617 504 1695 patiuntur,
513 1621 548 1673 ut
557 1615 592 1674 iis
601 1614 686 1674 amici
694 1614 793 1692 potius
801 1634 887 1692 quam
895 1615 951 1691 ipi
960 1614 1106 1674 huenen.
1180 1629 1181 1692 l

166 1711 214 1766 58.
234 1708 338 1765 Altera
360 1706 507 1765 sententia
528 1711 574 1763 est
594 1724 667 1782 quae
688 1704 790 1762 definit
809 1705 966 1762 amicitiam
988 1703 1108 1782 paribus
1180 1729 1181 1778 j

166 1796 266 1855 officiis
279 1815 313 1854 ao
325 1795 533 1854 voluntatibus.
574 1795 643 1854 Hoc
657 1794 773 1870 quidem
794 1799 840 1852 est
858 1793 944 1852 nimis
958 1794 1061 1870 exigue
1074 1799 1109 1853 et
1180 1797 1181 1822 ¹

165 1885 279 1944 exiliter
288 1885 325 1944 ad
335 1886 460 1944 calculos
470 1905 571 1964 voeere
585 1884 749 1955 amicitiem,
762 1890 796 1942 ut
807 1904 859 1962 per
870 1884 909 1942 sit
919 1884 994 1942 ratio
1007 1903 1109 1962 aoeep-
1180 1875 1181 1898 ¹

164 1981 263 2034 torum
283 1980 314 2034 et
338 1975 480 2034 datorum.
521 1975 649 2034 Divitior
668 1975 740 2033 mihi
761 1981 792 2033 et
812 1975 978 2034 affluentior
990 1975 1110 2034 videtur
1180 2019 1181 2106 q

165 2168 235 2216 stand
245 2168 303 2216 such
313 2184 328 2216 a
337 2183 442 2230 passage,
453 2168 506 2215 who
525 2168 591 2229 plaee
604 2182 619 2214 a
650 2166 691 2227 ing
703 2165 772 2213 ‘his'
806 2165 862 2213 ‘Hi'
874 2165 921 2214 aud
931 2168 939 2192 ‘
946 2165 971 2213 il'
982 2181 1022 2213 are
1039 2165 1111 2216 osten

165 2246 257 2278 oemma
268 2231 328 2278 aster
345 2231 430 2289 ‘sunt'
447 2232 485 2278 for
497 2232 552 2292 ‘qui
562 2228 617 2277 siut'
650 2230 707 2277 used
718 2227 875 2290 indifferently
883 2231 908 2276 in
915 2230 957 2276 the
967 2229 1049 2286 MSS„
1058 2231 1111 2278 and

166 2297 209 2342 &e
221 2296 241 2342 is
252 2294 311 2342 both
321 2295 363 2342 the
374 2296 464 2356 subject
475 2295 501 2341 of
511 2295 551 2340 the
562 2307 617 2354 pro·
649 2292 715 2338 often
726 2307 780 2352 may
791 2292 821 2338 be
831 2293 889 2339 used
900 2293 1068 2353 indifferentiy,
1081 2308 1112 2342 es

165 2359 269 2418 position
280 2359 326 2405 and
336 2359 377 2405 the
388 2355 530 2405 nominative
541 2362 566 2404 to
577 2357 618 2402 the
649 2355 717 2401 when
723 2356 780 2422 they
786 2369 826 2402 are
833 2355 991 2416 immediately
998 2355 1113 2404 followed

164 2421 221 2468 verb
234 2419 320 2468 ‘sunt'
338 2422 444 2482 Seyffert,
455 2422 534 2466 whose
544 2433 618 2480 puuc-
650 2417 682 2478 by
691 2423 697 2444 ⁴
707 2418 764 2478 qui,’
773 2433 799 2464 as
809 2423 824 2444 “
832 2419 861 2464 de
869 2419 906 2464 his
914 2417 971 2479 qui”
979 2432 1007 2464 or
1014 2422 1031 2445 “
1038 2418 1070 2465 de
1079 2420 1112 2468 iis

164 2486 287 2532 tuitionis
298 2489 340 2531 not
353 2485 438 2545 always
453 2485 495 2530 the
506 2483 564 2539 best,
576 2483 618 2528 hes
650 2479 716 2541 qui,”
729 2485 771 2527 &e
783 2495 810 2527 ss
820 2481 845 2526 in
856 2481 893 2527 De
903 2481 958 2528 Am.
971 2482 1008 2539 17,
1020 2483 1072 2528 “in
1080 2483 1113 2531 ii·

164 2561 197 2594 no
208 2563 299 2594 eomm
307 2548 367 2594 aster
379 2552 451 2594 ‘sunt
461 2547 476 2594 :'
489 2546 568 2592 buthe
577 2545 618 2591 hes
650 2544 691 2604 qui
701 2544 727 2589 in
737 2543 891 2600 honoribus,’'
905 2545 948 2590 &a

166 2613 172 2637 ¹
182 2611 347 2658 constituendi
357 2616 437 2658 autem
446 2609 508 2656 sunt'
519 2610 561 2655 &a
681 2607 723 2653 Ad
734 2608 838 2652 calculos
847 2607 942 2667 vocare]
962 2605 1111 2664 ‘Celemna'

196 2675 299 2720 Illorum
317 2687 374 2732 erpa
392 2673 446 2732 nor]
482 2673 504 2718 A
523 2671 619 2723 student
649 2669 819 2716 adiminutive
836 2670 864 2714 of
877 2667 989 2725 ‘eelx‚’is
1005 2683 1021 2714 a
1037 2671 1115 2718 small

164 2735 212 2781 will
238 2735 321 2795 hardly
342 2735 530 2782 misunderstand
553 2733 617 2779 ‘illo-
649 2732 743 2792 pebble,
760 2731 818 2778 used
834 2732 859 2777 in
870 2733 910 2778 the
921 2732 1028 2792 simplest
1043 2731 1115 2781 form

164 2796 235 2854 rum,'
261 2812 289 2843 or
315 2812 417 2857 suppose
440 2798 493 2843 that
512 2794 616 2842 ‘eorum'
649 2795 675 2840 of
687 2795 815 2855 reckoning
829 2794 976 2856 byaddition
990 2795 1115 2843 andsnb.

164 2860 241 2919 might
257 2859 326 2906 stand
342 2861 367 2905 in
386 2861 417 2906 its
435 2860 501 2920 plaoe
517 2857 621 2912 hereif
648 2858 756 2904 haeder.
792 2857 1116 2906 Heneeitisavverdused

164 2922 195 2968 he
213 2922 256 2968 has
273 2923 325 2968 vvell
343 2921 466 2968 eoneeived
487 2921 529 2967 the
550 2935 618 2967 sense
649 2921 811 2979 inreelroning
827 2921 960 2980 generally3
977 2921 1025 2967 and
1040 2924 1057 2948 “
1068 2937 1116 2969 vo-

164 2985 192 3031 of
215 2985 285 3032 ‘illa'
326 2984 369 3031 See
396 2986 421 3030 in
448 2985 495 3030 this
522 2984 619 3045 chapter
649 2983 1117 3034 oereedealeulos”is“toeelleman

165 3051 180 3074 ‘⁴
190 3048 261 3094 telem
272 3063 322 3094 esse
333 3048 358 3094 in
366 3061 420 3093 eum
428 3047 503 3109 qualis
514 3046 554 3093 ille
561 3047 619 3092 inse
649 3049 675 3090 to
686 3060 717 3090 an
728 3044 853 3092 aeeount.”
886 3043 976 3092 ‘Ratio’
987 3046 1009 3092 is
1019 3047 1119 3096 swerd

164 3109 228 3156 est.''
650 3107 677 3154 ot'
685 3114 802 3162 aooounts‚
821 3108 867 3154 and
880 3109 922 3155 the
938 3109 1081 3170 expression
1092 3111 1119 3159 is

196 3172 283 3216 Nostri
300 3171 383 3232 caasa]
418 3171 493 3218 Orelli
513 3171 556 3217 has
577 3171 619 3217 the
650 3169 743 3216 derived
759 3171 820 3216 from
835 3171 877 3217 the
895 3171 988 3218 Roman
1003 3173 1121 3232 practice

163 3232 387 3291 reading‘uostra3’
405 3233 448 3280 but
468 3233 575 3290 ‘nostri'
593 3248 619 3279 as
650 3233 678 3278 of
690 3232 871 3294 book-keeping.
905 3234 1000 3294 Agood
1020 3235 1121 3284 house-

164 3293 264 3354 Seyffert
290 3294 407 3352 observes,
429 3296 571 3357 isopposed
591 3300 617 3342 to
648 3295 1121 3355 keeperalvvayshad‘tebulse'or‘eo-

65 3385 71 3393 =
164 3356 327 3404 ‘amicorum’
596 3359 601 3371 “
648 3357 711 3404 dieas
721 3357 967 3420 aoeeptietexpensi'

197 3419 365 3482 Utiteamv'et']
400 3419 478 3468 There
494 3419 616 3468 named·
