2372 3758
136 171 194 228 128
511 168 699 227 nannius

134 328 222 399 atque
241 321 394 394 fallacium,
415 322 452 380 ad
471 322 649 399 voluptatem
672 321 853 398 loquentium
873 322 978 394 omnia,
999 322 1074 382 nihil

135 412 173 469 ad
185 411 347 469 veritatem.
385 414 433 469 92.
449 411 547 484 Quum
561 415 658 469 autem
673 411 802 468 omnium
814 431 912 468 rerum
925 411 1073 471 simulatio

133 501 238 558 vitiosa
250 506 304 572 eat,
318 501 396 559 tollit
410 501 487 558 enim
497 501 641 578 judicium
653 500 715 558 veri
732 500 818 576 idque
839 500 994 572 adulterat,
1007 508 1072 560 tum

134 589 277 648 amicitiae
298 595 443 667 repugnat
465 589 604 660 maxime;
632 589 709 647 delet
733 589 810 646 enim
829 589 983 647 veritatem
1010 591 1072 648 sine

134 699 191 755 qua
202 699 310 736 nomen
323 679 464 737 amicitiae
477 679 572 736 valere
585 699 646 736 non
657 681 765 755 potest.
805 679 837 736 N
838 698 883 735 am
897 698 987 755 quum
1002 680 1071 736 ami-

134 767 218 825 citiae
231 767 274 826 wia
293 767 332 825 sit
351 767 383 825 in
403 787 437 826 eo
450 773 485 824 ut
498 765 576 825 unus
589 767 671 844 quasi
684 766 797 824 animus
810 766 862 824 fiat
875 786 911 824 ex
928 767 1070 843 pluribus,

127 856 185 932 'qui
204 857 236 915 id
258 857 320 914 fieri
342 857 459 934 poterit,
481 855 506 914 si
528 876 567 914 ne
590 857 622 913 in
641 875 701 914 uno
723 855 838 932 quidem
858 875 973 932 quoque
993 877 1070 916 unus

134 945 247 1004 animus
271 945 328 1003 erit
350 945 483 1022 idemque
510 963 631 1021 semper.
647 944 698 1002 sed
719 944 824 1015 varius,
849 947 1071 1017 commutabilis,

134 1034 310 1111 multiplex?
350 1038 398 1092 93.
417 1033 497 1108 Quid
509 1033 587 1091 enim
600 1038 699 1110 potest
712 1052 776 1090 esse
789 1038 849 1091 tam
862 1033 996 1106 flexibile,
1011 1041 1072 1092 tam

134 1123 263 1194 devium,
281 1143 367 1200 quam
394 1124 508 1181 animus
534 1123 597 1200 ejus
621 1122 672 1198 qui
695 1122 732 1180 ad
759 1123 878 1180 alterius
901 1143 962 1180 non
985 1125 1072 1183 modo

134 1232 253 1271 sensum
276 1233 310 1271 ac
329 1213 509 1271 voluntatem
533 1212 585 1270 sed
608 1211 696 1269 etiam
715 1211 830 1270 vultum
852 1217 940 1289 atque
964 1218 1073 1272 nutum

135 1301 338 1360 convertitur?

166 1427 322 1489 Negatquis3
339 1441 414 1489 nego:
431 1428 479 1486 ait;
495 1427 547 1474 aio:
564 1429 685 1488 postcom
695 1426 808 1488 imperavi
818 1429 912 1488 mmet
922 1426 982 1474 mihi

166 1502 255 1549 Omnia
264 1504 391 1549 assaumis

135 1617 170 1670 ut
191 1611 232 1670 ait
254 1611 332 1669 idem
353 1610 516 1682 Terentius,
539 1609 590 1668 sed
612 1609 661 1667 ille
684 1609 717 1667 in
740 1608 905 1668 Gnathonis
928 1629 1072 1686 persona:

135 1701 213 1778 quod
222 1700 307 1758 amici
317 1719 409 1776 genus
420 1699 555 1758 adhibere
566 1699 683 1757 omnino
692 1699 819 1757 levitatis
829 1704 883 1756 est.
916 1703 964 1756 94.
979 1700 1073 1758 Multi

135 1795 234 1848 autem
249 1789 439 1847 Gnathonum
460 1788 566 1846 similes
580 1808 669 1864 quum
691 1787 751 1846 sint
769 1788 840 1859 loco,
854 1787 981 1860 fortuna,
996 1788 1074 1847 fama
1180 1829 1184 1836 -

136 1878 306 1956 superiores,
321 1877 424 1935 horum
437 1882 482 1934 est
496 1877 653 1934 assentatio
667 1877 796 1948 molesta,
807 1896 896 1953 quum
910 1877 947 1934 ad
960 1878 1073 1936 vanita-

135 1973 197 2026 tem
210 1966 331 2025 accessit
344 1965 510 2024 auctoritas.
548 1969 595 2023 95.
618 1965 735 2024 Secerni
751 1971 849 2023 eutem
866 1965 990 2023 blandus
1004 1966 1075 2023 ami·

136 2077 188 2116 eus
198 2075 292 2115 avero
303 2061 334 2114 et
344 2055 503 2114 internosci
512 2060 573 2112 tam
582 2060 681 2132 potest
691 2053 819 2113 adhibita
828 2053 978 2131 diligentia
986 2075 1075 2138 quem

169 2233 210 2280 Ad
245 2231 389 2290 voluptatem
429 2229 585 2290 loquentiam]
620 2228 762 2275 nominative
783 2232 808 2274 to
830 2228 894 2274 ‘sint
902 2226 917 2274 τ’
946 2227 1021 2274 ‘Now
1048 2243 1075 2275 aa

137 2295 225 2342 Which
242 2293 342 2354 Seyffert
357 2292 399 2338 has
418 2291 527 2352 adopted,
544 2292 590 2336 isa
620 2291 687 2337 there
705 2305 744 2336 are
761 2304 832 2350 many
850 2289 963 2344 Gnathos,
979 2291 1033 2336 who
1049 2291 1075 2336 in

137 2358 215 2404 better
233 2356 329 2416 reading
350 2355 408 2401 than
427 2353 521 2401 Orelli's
542 2353 589 2399 and
619 2353 691 2407 birth,
714 2353 808 2408 station,
834 2351 968 2411 reputation
1003 2353 1073 2398 stand

137 2418 263 2480 Madvig's,
276 2419 320 2464 ‘ad
335 2415 496 2473 voluntatem:
508 2417 551 2462 &a
563 2430 589 2461 as
620 2415 710 2474 higher,
722 2414 782 2461 their
791 2415 885 2473 flattery
897 2414 917 2459 is
927 2413 1075 2469 intolerable‚

138 2483 180 2530 the
201 2489 324 2541 argument
340 2481 424 2527 shows.
456 2479 487 2525 ln
507 2493 528 2524 c.
551 2479 590 2534 26,
622 2477 690 2523 when
707 2477 749 2522 the
764 2475 849 2536 weight
862 2476 888 2520 ol
901 2475 961 2520 their
971 2477 1076 2535 position

139 2560 204 2592 some
221 2545 317 2591 interior
334 2543 406 2589 MSS.
423 2542 482 2587 have
498 2545 504 2568 ⁴
514 2540 543 2586 ad
554 2541 591 2599 ip·
622 2539 643 2585 is
653 2538 730 2584 added
740 2543 765 2584 to
775 2538 835 2584 their
842 2536 990 2597 mendacity!
1022 2538 1078 2584 Tho

139 2603 388 2666 sorumvoluptatem!
404 2604 455 2650 The
462 2607 508 2648 two
516 2603 591 2649 words
622 2601 683 2647 form
694 2600 722 2646 ol
730 2601 771 2647 the
782 2599 880 2659 English
890 2603 1001 2645 sentence
1011 2605 1079 2646 must
1184 2637 1185 2666 3

139 2670 199 2716 have
209 2669 269 2715 been
280 2669 336 2714 thus
347 2665 499 2713 confounded.
623 2667 666 2709 not
676 2662 787 2718 mislesd3
803 2662 823 2708 it
829 2662 849 2708 is
855 2661 911 2721 only
917 2675 962 2707 one
970 2661 1080 2708 member

175 2730 318 2790 Gnathonis]
358 2729 410 2774 The
432 2727 553 2788 quotation
571 2725 592 2771 is
622 2723 899 2784 aesewsuperiomx

139 2793 200 2839 from
211 2792 255 2837 the'
263 2790 392 2838 Eunuchus
402 2789 429 2834 of
442 2789 544 2835 Terence
556 2787 591 2848 (ii.
658 2786 805 2846 Veritatem]
825 2783 945 2831 ‘Vanitas'
959 2785 1080 2832 is‘false-

140 2857 164 2909 2,
175 2851 227 2914 21).
259 2853 293 2899 As
310 2857 335 2898 to
353 2849 480 2911 ‘persona'
500 2865 538 2896 see
555 2850 593 2896 De
623 2849 703 2904 hood,'
725 2847 819 2908 ‘lying,'
836 2848 935 2894 another
953 2861 1024 2894 namo
1041 2848 1083 2896 for

140 2914 327 2963 Arnai-‘In
336 2911 591 2972 Gnathonispersonm’
625 2909 781 2969 ‘assentatio'
808 2909 850 2956 the
875 2924 940 2956 mors
961 2910 1081 2971 gdevons,

140 2977 217 3024 which
239 2976 338 3036 Seyffert
358 2976 408 3020 has.
455 2974 530 3021 Orelli
550 2974 593 3020 has
624 2973 694 3019 when
710 2973 752 3019 the
769 2972 829 3019 rank
845 2986 872 3018 or
892 2971 978 3018 station
995 2971 1024 3018 of
1038 2973 1084 3020 the

141 3039 200 3086 ‘sub
209 3038 224 3094 ;’
240 3053 266 3084 as
276 3043 302 3084 to
311 3038 353 3083 the
363 3037 468 3096 Intiuity
478 3035 505 3081 of
518 3036 594 3082 which
625 3037 729 3081 deheres
745 3035 809 3094 gives
826 3035 846 3081 it
858 3033 951 3094 weight.
985 3034 1032 3081 See
1042 3035 1085 3082 Da

140 3099 310 3146 thereissomo
320 3098 401 3144 doubt
433 3098 545 3145 Tharais
562 3111 594 3142 no
625 3097 764 3144 Am.c.26.

141 3161 217 3207 doubt
226 3160 299 3206 about
310 3160 349 3205 ‘in
360 3158 476 3219 persona!
656 3158 776 3218 Accessit]
811 3157 837 3204 Is
851 3157 893 3204 the
907 3159 960 3204 true
973 3157 1089 3272 leading1

173 3223 250 3268 Mults·
271 3225 357 3276 actem,
380 3221 436 3280 dio]
471 3219 529 3266 'l'his
550 3219 593 3266 has
624 3225 668 3266 not
685 3219 839 3277 ‘acuerit’
860 3219 937 3268 which
956 3231 1004 3267 one
1025 3219 1056 3269 lt

141 3284 202 3330 hasn
212 3283 416 3330 misunderstood=
435 3282 519 3327 ‘multi
529 3281 593 3328 (ina-
624 3281 676 3328 has.

142 3346 243 3392 thonm
260 3342 354 3392 similed
372 3344 393 3390 ie
412 3343 453 3390 the
466 3342 595 3402 subjector
