2362 3756
425 155 513 215 OAP.
533 157 590 218 VI.
610 158 685 218 VII.
984 164 1021 222 19

75 333 141 371 cum
154 333 228 372 snae
241 309 436 390 poeniteret?
464 313 497 370 N
497 333 529 371 ec
540 313 618 372 enim
631 313 800 374 excursione
810 333 864 374 nec
879 315 956 374 saltu
968 335 1022 376 neo

75 404 190 462 eminus
208 403 304 462 hastis
325 407 380 460 aut
400 401 531 461 cominus
551 404 654 480 gladiis
672 409 814 477 uteretur,
829 406 881 464 sed
893 407 1022 478 consilio,

74 493 197 566 ratione,
209 492 370 551 sententia.
407 492 490 565 Quae
503 493 560 551 nisi
573 498 672 551 essent
685 494 717 551 in
731 495 857 571 senibus,
871 515 932 554 non
946 515 1022 554 sum·

76 603 155 640 mum
183 583 342 642 consilium
371 583 495 659 majores
525 583 621 642 nostri
648 584 842 661 appellassent
873 586 1021 644 Senatum.

77 677 122 731 20.
150 673 245 750 Apud
272 671 520 731 Lacedaemonios
548 674 663 750 quidem
689 674 711 730 ii
738 674 788 750 qui
814 675 1022 752 amplissimum

75 763 282 839 magistratum
297 767 416 838 gerunt,
430 767 465 819 ut
480 769 558 834 sunt,
570 763 610 821 sic
625 763 712 821 etiam
726 764 915 823 nominantur
929 785 1021 824 senes.

78 852 164 926 Quod
185 853 211 910 si
231 853 332 928 legere
355 858 407 909 aut
428 852 527 910 audire
546 853 649 912 voletis
671 858 797 925 externa,
817 855 953 914 maximas
974 874 1022 914 res

77 943 206 1019 publicas
217 943 255 1000 ab
267 942 502 1000 adolescentibus
512 943 676 1014 labefactas,
686 963 703 1000 a
713 944 831 1002 senibus
843 950 1021 1003 sustentatas

78 1039 107 1090 et
119 1034 278 1092 restitutas
293 1033 455 1110 reperietis.
813 1039 818 1046 '

140 1149 214 1205 Cedo,
227 1145 270 1210 qui
281 1151 386 1194 vestam
396 1162 446 1192 rem
458 1147 574 1208 publicam
584 1152 675 1194 tantam
687 1147 798 1194 amisistis
808 1149 858 1193 iam
869 1147 932 1196 cito?

80 1246 124 1303 Sic
137 1248 217 1304 enim
235 1251 458 1324 percontantur,
472 1252 506 1303 ut
526 1252 572 1304 est
591 1247 624 1304 in
637 1247 742 1305 Naevii
755 1246 850 1306 Ludo.
890 1248 1021 1326 Respon-

81 1335 185 1394 dentur
198 1343 231 1395 et
244 1337 302 1394 alia
316 1342 347 1394 et
361 1335 417 1393 hoc
430 1335 461 1393 in
474 1337 590 1414 primis:

237 1450 415 1498 Proveniebant
426 1455 528 1498 oratores
538 1452 600 1507 novi,
613 1453 679 1499 stulti
689 1450 863 1500 adolescentuli.

81 1549 237 1608 Temeritas
259 1555 307 1607 est
320 1548 455 1607 videlicet
471 1550 601 1608 florentis
622 1551 735 1624 aetatis,
749 1550 905 1628 prudentia
925 1569 1021 1610 senes·

81 1641 178 1700 centis.
237 1669 244 1681 ·

115 1733 188 1791 VII.
210 1736 261 1790 21.
282 1732 330 1788 At
344 1730 481 1788 memoria
493 1731 644 1790 minuitur.
681 1732 784 1803 Credo,
794 1731 851 1790 nisi
865 1751 928 1790 eam
942 1751 1020 1791 exer·

80 1843 138 1882 ceas
166 1829 219 1880 aut
245 1821 271 1880 si
297 1821 339 1878 sie
366 1826 471 1878 natura
497 1823 614 1880 tardior.
656 1822 864 1880 Themistocles
891 1823 1020 1880 omnium

79 1913 178 1972 civium
202 1915 380 1990 perceperat
404 1911 529 1968 nomina.
570 1913 651 1970 Num
679 1911 771 1988 igitur
793 1913 917 1970 censetis
944 1933 1019 1984 eum,

78 2024 162 2080 quum
177 2008 278 2062 aetate
293 2000 492 2077 processisset,
503 2003 553 2078 qui
562 2001 708 2059 Aristides
724 2007 801 2059 esset
815 2003 1020 2080 Lysimachum

78 2096 200 2154 salutare
216 2090 365 2151 solitum?
406 2091 546 2168 Equidem
559 2093 620 2150 non
632 2093 717 2150 modo
732 2113 781 2150 eos
795 2093 863 2150 novi
876 2093 927 2170 qui
940 2098 1018 2163 sunt,

77 2186 125 2243 sed
146 2205 251 2243 eorum
275 2187 378 2258 patres
400 2181 486 2238 etiam
510 2187 541 2239 et
561 2201 637 2240 avos.
678 2183 743 2240 Nec
768 2184 899 2260 sepulcra
919 2183 1019 2258 legens

76 2293 182 2346 vereor,
197 2271 278 2350 quod
293 2271 386 2341 aiunt,
400 2290 437 2328 no
456 2273 621 2330 memoriam
641 2273 777 2349 perdam3
797 2273 842 2330 his
857 2273 934 2330 enim
947 2273 1017 2349 ipsis

77 2423 195 2494 sentence,
209 2440 295 2482 “num
309 2435 382 2494 igitur
392 2433 462 2490 hunc,
475 2450 534 2480 num
567 2435 648 2494 ‘give'
657 2435 805 2491 or‘tell,’are
811 2437 843 2482 all
849 2437 1017 2484 thatareused.

78 2502 230 2547 Homerum.
244 2532 250 2544 .
264 2497 532 2544 .aninomnibushis’'
567 2499 610 2544 See
637 2498 781 2545 Forcellini's
808 2500 919 2546 Lexicon.
960 2499 1018 2546 This

78 2565 125 2622 (De
137 2565 193 2610 Seu.
205 2561 241 2623 7),
253 2563 273 2606 it
285 2562 360 2606 forms
371 2561 534 2620 apertofthe
567 2561 656 2607 lambio
673 2563 720 2608 line
737 2563 757 2607 is
775 2563 861 2621 quoted
878 2563 937 2608 from
954 2561 1018 2610 Nae·

78 2627 216 2685 disjunctive
227 2625 346 2684 question.
565 2625 624 2678 vius,
637 2639 682 2670 one
701 2624 727 2670 cf
740 2625 781 2670 the
797 2625 836 2670 old
850 2625 982 2672 dramatists
994 2626 1019 2672 oi

109 2687 249 2746 Senatum]
287 2683 411 2732 ‘Senatus’
424 2699 498 2731 seems
509 2690 533 2732 to
567 2687 650 2741 Rome,
658 2687 711 2733 who
722 2687 836 2748 probably
843 2689 896 2734 died
905 2702 952 2735 nc.
962 2692 1017 2736 202.

78 2752 106 2797 be
116 2767 131 2798 s
140 2751 245 2796 number
260 2749 288 2795 of
302 2747 401 2802 ‘senes'
412 2763 437 2793 as
454 2749 534 2808 ‘equi-
567 2749 592 2795 If
600 2755 606 2776 ‘
614 2750 689 2795 Ludo'
697 2751 717 2796 is
724 2751 765 2794 the
771 2755 824 2796 true
832 2752 933 2810 reading,
942 2752 1018 2798 which

78 2813 153 2860 tatus’
172 2815 194 2859 is
213 2829 228 2858 s
244 2811 347 2858 number
364 2810 390 2855 oi
411 2810 532 2870 ‘equites'
564 2813 584 2858 is
595 2819 638 2857 not
649 2813 713 2872 quite
730 2814 824 2869 certain,
841 2815 882 2860 the
895 2816 1018 2874 quotation

78 2878 127 2923 Tite
138 2877 246 2922 Romans
265 2873 383 2934 supposed
403 2875 455 2918 that
474 2874 534 2918 their
565 2889 618 2933 may
630 2875 660 2920 bo
674 2875 734 2920 from
751 2889 765 2920 a
780 2877 833 2936 play
845 2877 942 2922 entitled
954 2877 1017 2924 ‘Lu-

80 2937 212 2986 ‘Senstns'
223 2953 272 2983 was
287 2952 314 2982 so
326 2937 398 2981 called
415 2937 475 2982 from
491 2937 532 2982 the
564 2937 624 2982 dus!
650 2938 752 2999 (Festus,
775 2953 793 2984 s.
813 2954 835 2985 v.
857 2938 1016 2999 Redhostire.)

79 3017 119 3062 ege
129 3003 157 3048 of
163 3002 206 3046 the
217 3001 318 3060 original
330 2999 446 3044 members
457 2999 483 3044 cf
492 2999 532 3045 the
565 2999 638 3045 Orelli
666 3001 799 3046 discovered
826 3001 877 3047 that
905 3002 946 3046 the
970 3001 1017 3046 line

80 3065 170 3110 Senste.
190 3064 261 3122 (Livy
273 3064 289 3108 i.
303 3064 331 3118 83
350 3062 431 3106 Florus
442 3062 457 3106 i.
472 3061 504 3122 l.)
566 3063 767 3118 ‘Proveniebant’
781 3067 823 3109 &c
839 3065 859 3109 is
875 3078 890 3108 a
904 3063 1018 3109 Trocheic

108 3128 159 3174 The
183 3125 285 3172 ‘senes'
308 3125 334 3169 os
352 3124 394 3169 the
416 3124 532 3170 Lacedae-
564 3128 700 3171 tetrameter
712 3126 838 3172 catalectic.
857 3126 906 3171 But
915 3127 935 3171 it
945 3127 965 3172 is
976 3127 1018 3172 tho

79 3190 149 3236 monii
171 3203 212 3235 are
229 3189 273 3234 the
285 3191 370 3232 'senate
389 3183 532 3248 (γέροντες),
565 3201 628 3233 sams
645 3193 719 3232 metre
736 3201 762 3232 as
778 3188 883 3234 thelina
899 3188 924 3234 in
940 3187 1018 3234 which

79 3251 243 3313 twenty-eight
266 3251 293 3295 in
317 3249 423 3294 number.
458 3247 532 3306 (Plut.
565 3249 605 3295 the
616 3250 725 3308 question
736 3250 756 3294 is
768 3255 818 3308 put.

80 3314 206 3376 Lycurgus,
219 3329 239 3358 c.
253 3316 280 3366 5;
293 3311 391 3358 Aristot.
402 3309 452 3355 Pol.
464 3311 487 3355 ii.
498 3309 532 3370 9.)
597 3312 619 3363 7.
641 3311 709 3363 Quod
725 3311 813 3368 aiunt]
850 3310 899 3354 ‘As
912 3311 953 3354 the
964 3323 1017 3366 say-

112 3371 532 3431 mao,JThef0rms‘ceds,'⁴cede,'
565 3371 652 3430 iugis!
685 3371 709 3416 It
725 3385 780 3487 md
797 3384 850 3428 says
865 3370 1017 3423 Erasmus,s
