2372 3758
159 187 217 244 144
529 190 732 250 EPISTOLA

157 341 267 400 bilitari
280 343 413 404 molestia
423 365 484 404 non
492 349 617 423 oportet.
659 346 700 403 Et
711 345 846 423 quoniam
857 364 891 404 ea
899 345 1098 405 molestissime

158 431 234 491 ferre
248 433 379 493 homines
394 435 501 494 debent
515 455 588 513 quae
607 435 736 513 ipsorum
756 436 841 512 culpa
859 441 1010 494 contracta
1024 441 1098 508 sunt,

159 530 204 582 est
218 525 354 602 quiddam
366 526 399 584 in
411 527 465 584 hac
478 546 510 584 re
524 527 596 585 mihi
609 527 760 584 molestius
773 526 926 584 ferendum
937 547 1024 604 quam
1037 527 1097 585 tibi.

159 615 283 682 Factum
303 621 349 674 est
369 617 447 675 enim
466 637 532 675 mea
551 617 644 694 culpa,
665 622 767 676 contra
787 637 873 694 quam
889 621 925 674 tu
943 637 1057 675 mecum
1069 623 1098 676 et

158 705 343 784 proficiscens
357 712 387 765 et
400 727 453 784 per
461 707 575 766 litteras
590 727 699 784 egeras,
715 713 750 765 ut
763 707 859 785 priore
872 727 949 765 anno
963 727 1025 765 non
1039 727 1098 766 suc·

159 797 318 856 cederetur.
360 799 447 873 Quod
461 819 523 875 ego,
539 799 608 858 dum
623 799 711 858 saluti
725 799 869 858 sociorum
882 799 1012 870 consulo,
1032 799 1097 857 dum

158 888 356 966 impudentiae
374 890 581 948 nonnullorum
594 890 811 967 negotiatorum
823 889 936 960 resisto,
951 889 1021 947 dum
1035 910 1098 948 nos·

159 984 235 1036 tram
249 979 369 1056 gloriam
378 985 432 1037 tua
439 979 548 1038 virtute
559 980 659 1056 augeri
670 985 781 1058 expeto,
792 979 849 1038 feci
861 999 921 1037 non
936 967 1097 1056 sapienter:

158 1069 329 1148 praesertim
342 1090 432 1148 quum
445 1069 475 1128 id
489 1071 680 1130 commiserim
697 1076 732 1129 ut
749 1071 799 1128 ille
815 1069 889 1128 alter
902 1090 998 1128 annus
1012 1071 1100 1130 etiarn

159 1160 281 1219 tertium
306 1166 406 1238 posset
433 1161 584 1219 adducere.
625 1165 652 1220 3.
675 1160 762 1234 Quod
789 1160 923 1238 quoniam
948 1166 1099 1237 peccatum

159 1272 256 1310 meum
270 1271 333 1310 ease
347 1251 494 1323 confiteor,
506 1257 551 1309 est
562 1251 720 1329 sapientiae
730 1257 817 1328 atque
827 1250 1020 1308 humanitatis
1030 1257 1099 1310 tuae

160 1363 261 1402 curare
275 1348 306 1400 et
319 1342 456 1420 perficere
469 1347 504 1399 ut
517 1341 572 1400 hoc
586 1341 683 1399 minus
704 1341 850 1418 sapienter
862 1360 879 1397 a
891 1359 938 1398 me
952 1341 1099 1416 provisum

160 1433 310 1511 diligentia
330 1439 383 1492 tua
404 1433 573 1509 corrigatur.
614 1434 660 1491 Ac
679 1432 704 1490 si
724 1437 755 1490 te
772 1432 835 1509 ipse
849 1432 1101 1512 vehementiusad

160 1545 264 1583 omnes·
281 1530 380 1602 partes
402 1524 476 1582 bene
498 1522 635 1580 audiendi
656 1523 798 1594 excitaris,
815 1543 876 1581 non
894 1528 929 1580 ut
948 1543 1016 1580 curn
1037 1524 1101 1582 aliis

160 1615 211 1673 sed
223 1621 258 1672 ut
271 1620 369 1672 tecum
385 1614 445 1690 jam
465 1613 527 1690 ipse
547 1619 659 1684 certes3
680 1611 705 1671 si
725 1633 840 1672 omnem
860 1618 939 1670 tuam
961 1619 1101 1684 mentem,

159 1723 265 1776 curam,
288 1704 502 1780 cogitationem,
525 1703 562 1761 ad
588 1703 776 1762 excellentem
798 1703 831 1760 in
854 1702 990 1760 omnibus
1012 1704 1102 1762 rebus

158 1794 251 1852 laudis
266 1794 453 1870 cupiditatem
471 1793 610 1865 incitaris,
624 1792 801 1865 mihicrede,
815 1813 892 1850 unus
911 1812 1008 1851 annus
1022 1793 1103 1852 addi·

158 1891 207 1942 tus
221 1883 312 1942 labori
324 1889 377 1941 tuo
392 1884 550 1942 multorum
565 1903 707 1942 annorum
720 1882 863 1941 laetitiam
873 1883 967 1954 nobis,
978 1884 1104 1959 gloriam

158 1993 225 2033 vero
239 1974 326 2032 etiam
339 1974 464 2052 posteris
477 1974 586 2034 nostris
601 1975 711 2032 afferet.
752 1977 781 2032 4.
804 1973 990 2050 Quapropter
1004 1975 1103 2033 hocta

158 2064 284 2142 primum
304 2084 375 2141 rogo
394 2083 433 2122 ne
454 2065 608 2123 contrahas
629 2084 662 2123 ac
681 2063 817 2138 demittas
830 2063 967 2135 animum,
981 2084 1058 2123 neve
1072 2069 1104 2124 te

158 2155 243 2214 obrui
255 2161 403 2233 tamquam
415 2155 508 2214 fluctu
522 2143 563 2214 sic
577 2154 777 2232 magnitudine
790 2153 902 2231 negotii
915 2153 1011 2226 sinas;
1034 2173 1104 2214 con·

157 2252 260 2326 traque
275 2247 367 2324 erigas
381 2267 414 2305 ac
427 2246 545 2305 resistas
559 2246 619 2304 sive
631 2245 719 2304 etiam
728 2245 807 2304 ultro
818 2264 951 2304 occurras
962 2245 1104 2323 negotiis.

193 2412 374 2474 Contraquam]
409 2411 440 2458 ln
456 2408 551 2458 Orelli’s
565 2409 612 2456 and
676 2409 742 2456 Bene
759 2402 883 2470 audienda]
918 2407 999 2455 “And
1017 2409 1041 2456 if
1056 2423 1107 2470 you

158 2477 227 2524 other
245 2477 345 2524 editions
361 2491 376 2521 a
388 2489 479 2522 comma
494 2474 514 2520 is
530 2473 612 2534 placed
643 2473 690 2518 will
700 2486 769 2518 rouse
779 2471 884 2532 yoursels
892 2485 958 2518 more
965 2472 1107 2532 vigorously

158 2540 264 2587 between
275 2540 344 2592 these,
351 2538 441 2594 words;
455 2537 501 2583 and
511 2541 551 2598 yet
561 2535 610 2582 edi·
643 2540 668 2582 to
691 2549 747 2581 earn
767 2549 782 2580 a
802 2535 864 2594 good
884 2538 968 2594 reputa
985 2535 1011 2581 in
1031 2550 1108 2596 every

158 2607 207 2650 tors
228 2604 294 2649 write
315 2599 473 2662 ‘postquam’
494 2603 611 2660 ‘praeter-
642 2597 737 2658 thing.”
763 2597 853 2644 “Bene
873 2595 979 2652 audire,”
1000 2601 1054 2645 “to
1075 2598 1109 2644 be

158 2664 243 2726 quam’
271 2679 296 2710 as
323 2679 368 2710 one
393 2664 465 2710 word.
509 2661 610 2724 (Comp.
643 2662 696 2707 well
714 2660 804 2720 spoken
820 2659 869 2717 of,”
890 2660 974 2705 “male
993 2661 1108 2717 audira,”

159 2727 247 2782 Cicero,
270 2727 300 2772 Iu
323 2727 370 2773 Pis.
390 2741 411 2773 c.
431 2730 461 2783 83
484 2725 535 2772 Liv.
555 2739 611 2772 xxx.
645 2725 747 2770 “minus
756 2722 1109 2777 eommodeaudira.''areRo-

160 2788 209 2850 19.)
242 2789 267 2836 It
283 2805 336 2848 may
352 2793 395 2835 not
410 2789 440 2835 be
457 2803 512 2849 easy
529 2794 554 2835 to
570 2803 610 2834 ex·
644 2802 700 2833 man
716 2786 870 2847 expressions,
891 2785 939 2832 like
959 2785 1002 2832 the
1022 2787 1110 2836 Greek

157 2851 222 2912 plain
238 2851 290 2898 how
301 2852 348 2898 this
359 2852 420 2898 form
437 2851 464 2898 of
477 2852 612 2912 expression
644 2851 668 2898 erl
680 2865 708 2897 or
718 2852 799 2904 κακῶς
810 2848 918 2896 ἀκούειν.

157 2914 294 2974 originated‚
312 2915 356 2961 but
373 2915 393 2960 it
413 2915 434 2960 is
453 2915 541 2960 certain
559 2915 612 2961 that
679 2911 760 2972 Ultro]
781 2912 825 2958 See
836 2912 874 2958 De
886 2910 940 2958 Seu.
952 2926 972 2958 e.
986 2913 1023 2968 11,
1036 2917 1110 2960 note.

159 2981 256 3023 ‘contra
267 2976 345 3038 quam’
357 2982 421 3024 must
431 2991 461 3036 go
471 2977 587 3036 together.
643 2977 690 3023 We
707 2979 794 3022 cannot
817 2973 930 3022 meslete
952 2975 1047 3022 ‘ultro’
1074 2976 1111 3037 by

189 3039 221 3085 Id
230 3041 399 3099 commiserim]
426 3040 521 3086 Ernesti
531 3039 613 3085 thinks
645 3037 769 3085 ‘even'in
784 3037 832 3084 this
844 3051 949 3098 passage,
962 3037 999 3083 lor
1017 3038 1113 3086 Cicero

157 3101 268 3148 that‘id'
281 3102 364 3147 should
376 3101 481 3147 be‘ita.'
509 3102 612 3161 Perhaps
644 3101 793 3161 says‘et'am
804 3099 883 3155 ultro‚'
895 3101 938 3147 &a
970 3100 1113 3148 Thesense

157 3165 177 3210 it
198 3163 282 3210 should
304 3163 334 3209 be
355 3164 461 3209 omitted.
495 3164 547 3208 ‘To
567 3167 612 3223 put
643 3164 744 3218 iselam,
756 3163 846 3222 though
858 3163 877 3209 it
888 3163 1114 3226 maynotbeeasy

156 3224 271 3286 together'
282 3225 303 3271 is
314 3224 371 3270 used
381 3225 438 3270 here
448 3225 495 3270 and
505 3225 530 3270 in
541 3240 612 3286 many
644 3229 669 3272 to
680 3240 782 3285 express.
804 3225 908 3276 Quintus
918 3226 938 3272 is
949 3225 999 3272 told
1011 3231 1039 3274 to
1052 3231 1114 3274 Ἢ.

157 3290 225 3335 othcr
246 3301 309 3332 cases
328 3290 366 3332 ‘to
385 3290 424 3332 act
441 3287 467 3331 in
485 3287 543 3332 such
560 3302 611 3348 way
643 3286 789 3344 sist‚'wl1ich
805 3287 897 3348 implies
913 3289 1026 3350 standing
1037 3291 1116 3338 one’s

156 3351 210 3396 that
231 3364 245 3396 a
266 3349 353 3396 certain
381 3363 540 3408 consequence
566 3349 610 3396 fol·
642 3349 747 3408 emaum
774 3348 819 3396 but
845 3350 928 3398 Cicero
949 3351 1016 3407 adds,
1043 3355 1117 3400 ‘and

156 3410 231 3458 lowel
642 3425 700 3456 even
719 3425 749 3472 go
764 3415 791 3458 to
807 3417 871 3460 meet
883 3413 976 3461 trouble
985 3413 1000 3471 ς’
1025 3416 1118 3465 where
