2296 3752
245 185 547 262 nersro'nnaun
567 201 687 260 nram
706 203 806 262 nuo.
935 204 993 264 237

41 361 98 429 est,
112 377 243 434 qnorum
262 356 326 414 vita
345 355 457 415 brevior
476 377 540 415 esse
562 356 656 428 debet,
672 377 761 434 quum
782 377 841 415 uno
861 357 924 416 loco
948 363 994 418 tot

41 447 188 523 oppidfim
211 446 354 504 cadavera
373 446 501 524 projecta
517 445 641 524 jacenti
671 447 773 512 ‚Visne
794 453 830 505 tu
849 452 888 519 te,
904 448 992 520 Servi,

41 537 184 594 cohibere
204 541 237 594 et
257 535 423 593 meminisse
441 535 586 594 hominem
604 541 635 594 te
656 555 719 594 esse
732 537 858 595 natum?
900 538 992 597 Crede

38 627 124 698 mihi,
149 625 333 701 cogitatione
355 645 388 683 ea
413 645 473 684 non
498 625 682 684 mediocriter
705 645 769 683 snm
796 627 990 686 confirmatus.

39 716 115 774 Hoc
133 715 225 787 idem,
241 715 267 772 si
285 714 341 772 tibi
353 715 475 786 wdetun,
489 715 534 773 fac
556 721 624 773 ante
645 716 743 774 oculos
764 715 818 773 tibi
837 736 990 793 proponas.

39 804 141 863 Modo
170 824 233 862 uno
259 809 390 881 tempore
413 809 459 862 tot
482 805 536 863 viri
560 804 709 862 clarissimi
731 805 924 864 interiemmt:
955 807 990 865 de

38 893 171 970 imperio
187 893 295 970 Populi
308 894 433 950 Romani
445 899 530 951 tanta
544 893 703 952 deminutio
717 893 794 952 facta
807 900 868 953 est:
890 915 989 955 omnes

38 983 216 1060 provinciae
237 988 443 1059 conquassatae
464 989 552 1040 sunt:
573 983 606 1040 in
622 983 710 1041 unius
728 983 913 1043 mulierculae
929 986 988 1044 ani-

38 1074 127 1130 mula
144 1073 170 1130 si
179 1073 299 1150 jactura
315 1073 391 1130 facta
410 1077 464 1144 est,
477 1077 562 1130 tanto
582 1091 668 1149 opere
687 1073 895 1133 commoveris?
915 1095 988 1152 quae

39 1163 66 1219 si
81 1163 142 1221 hoc
156 1167 291 1238 tempore
308 1180 369 1219 non
382 1161 457 1218 diem
471 1181 556 1219 suum
576 1161 692 1232 obisset,
706 1163 805 1238 paucis
818 1169 886 1240 post
905 1166 988 1223 annis

38 1259 149 1312 tamen
172 1253 202 1310 ei
227 1251 408 1310 moriendum
429 1252 496 1324 fuit,
519 1251 654 1328 quoniam
679 1252 765 1310 homo
788 1258 858 1310 nata
881 1254 985 1313 fuerat.

38 1343 146 1402 Etiam
164 1349 202 1400 tu
221 1343 258 1400 ab
274 1341 352 1399 hisce
373 1343 460 1400 rebus
480 1341 609 1399 animum
627 1361 660 1398 ac
681 1342 886 1416 cogitationem
906 1349 1003 1402 tuam.

40 1453 143 1504 avoca,
155 1437 247 1508 atquc
261 1451 296 1488 ea
307 1431 405 1507 potins
418 1431 602 1489 reminiscere
612 1451 684 1507 quae
698 1431 785 1506 digna
798 1437 851 1490 tua
864 1453 987 1510 persona

40 1528 135 1581 sunt:
165 1522 247 1578 illam
271 1521 407 1596 quamdiu
430 1521 457 1578 ei
479 1539 553 1596 opus
579 1519 667 1578 fuerit
690 1519 810 1592 vixisse3
838 1541 897 1579 una
920 1543 986 1582 cum

41 1612 215 1690 republica
233 1609 339 1680 fuisse3
358 1615 389 1668 te
407 1615 519 1686 patrem
538 1629 631 1682 suurn,
645 1615 814 1686 praetorem,
829 1612 985 1684 consulem,

41 1722 189 1778 augurem
203 1699 327 1770 vidisse;
346 1699 577 1757 adolescentibus
591 1699 733 1776 primariis
743 1706 865 1777 nuptam
878 1700 985 1772 fuisse;

41 1792 184 1850 omnibus
198 1789 284 1847 bonis
297 1808 387 1865 prope
403 1788 584 1866 perfunctam
603 1808 684 1860 esse3
705 1808 794 1865 quum
812 1789 986 1867 respublica

41 1882 202 1950 occideret,
216 1879 278 1936 vita
295 1878 458 1936 excessisse.
500 1877 578 1950 Quid
592 1883 637 1935 est
651 1878 728 1956 quod
740 1884 775 1936 tu
792 1885 844 1937 aut
856 1879 906 1936 illa
919 1899 985 1938 cum

40 1971 169 2028 fortuna
195 1967 251 2025 hoc
277 1967 393 2025 nomine
417 1966 499 2044 queri
525 1966 667 2044 possitis?
707 1969 842 2044 Denique
867 1969 928 2027 noli
953 1975 985 2028 te

42 2059 178 2119 oblivisci
194 2058 364 2116 Ciceronem
377 2077 448 2129 esse,
463 2061 494 2114 et
514 2075 581 2113 eum
594 2057 643 2132 qni
656 2056 720 2114 aliis
739 2058 886 2116 consueris
905 2079 984 2134 prae·

42 2151 142 2227 cipere
162 2153 194 2206 et
215 2147 283 2204 dare
304 2146 474 2216 consilium
494 2165 588 2222 neque
607 2147 721 2204 imitare
741 2147 831 2204 malos
849 2148 983 2220 medicos,

42 2240 93 2315 qui
107 2239 143 2296 in
157 2237 259 2295 alienis
270 2236 377 2294 morbis
387 2235 562 2313 profitentur
571 2241 671 2294 tenere
682 2255 713 2292 se
722 2236 880 2292 medicinae
894 2237 983 2295 scien·

41 2328 126 2399 tiam,
137 2327 195 2404 ipsi
210 2345 241 2383 sc
255 2345 355 2383 curare
367 2345 428 2383 non
438 2330 578 2404 possunt3
592 2326 642 2384 sed
651 2323 749 2402 potius
760 2343 832 2400 quae
845 2324 908 2381 aliis
918 2329 984 2383 tute

79 2527 157 2573 Visne
176 2529 203 2571 tu
219 2525 262 2584 ia]
281 2523 413 2570 Ouridiom
424 2523 502 2570 would
533 2526 597 2578 note,
609 2523 650 2568 lib.
662 2521 685 2566 ii.
698 2520 745 2566 No.
758 2522 781 2576 3,
793 2535 824 2566 on
834 2521 955 2580 Majestas.
990 2565 992 2569 .

43 2605 86 2636 nse
103 2591 147 2634 the
165 2589 280 2646 negative,
300 2591 314 2614 ‘⁸
324 2587 382 2633 Will
397 2601 444 2646 yon
459 2591 502 2632 not
565 2584 823 2644 Homonatasuerat]
849 2585 884 2630 ‘A
894 2585 983 2634 human

44 2651 118 2697 check
131 2647 273 2710 yonrsels?”
307 2649 338 2694 So
355 2650 379 2694 in
397 2649 501 2695 Terence
532 2647 619 2707 being!
653 2645 757 2692 ‘Homo'
774 2647 816 2692 has
832 2647 879 2693 this
890 2651 983 2707 general

46 2713 172 2774 (Phormio
192 2713 208 2757 i.
230 2711 308 2773 l,15)
329 2712 386 2756 ‘sed
406 2708 500 2757 videon’
533 2711 694 2770 signification,
731 2725 756 2756 as
791 2710 923 2770 ἅνθρωπος
957 2713 983 2760 in

46 2775 165 2823 Getam?
183 2774 271 2820 ‘Don’t
282 2773 294 2818 l
306 2788 344 2819 see
353 2774 413 2820 Geta
420 2773 437 2818 ?'
534 2773 618 2829 Greek,
630 2773 676 2818 and
689 2773 812 2819 ‘Mensch’
824 2775 849 2819 in
861 2773 971 2823 German.

78 2837 232 2896 Demtnutio]
267 2836 501 2895 Thereisadispute
565 2836 705 2895 Prtmariia]
740 2837 837 2882 Tullia's
854 2838 905 2884 first
926 2837 982 2886 hus-

45 2901 154 2946 whather
170 2899 211 2945 the
227 2907 279 2944 true
296 2899 356 2944 form
373 2899 393 2943 is
412 2897 501 2943 ‘demi-
526 2897 602 2952 band,
615 2898 642 2944 C.
659 2897 798 2958 Calpurnius
817 2901 879 2956 Piso,
893 2916 940 2948 was
958 2903 985 2950 oi

47 2963 123 3010 nutio’
131 2966 173 3008 or⁴
183 2961 324 3016 diminutio‚'
334 2960 417 3006 aword
425 2959 501 3004 which
532 2961 639 3019 plebeian
650 2961 692 3006 but
703 2962 773 3007 noble
784 2963 863 3022 family
874 2980 879 3017 ς
893 2963 936 3010 her
947 2979 982 3011 se-

47 3040 128 3072 occurs
140 3025 190 3070 also
200 3025 225 3069 in
237 3024 278 3069 the
292 3023 425 3083 expression
439 3026 453 3049 “
463 3037 501 3067 ca·
533 3023 593 3068 cond
609 3023 718 3069 husband
737 3039 782 3071 was
798 3026 881 3071 Furius
893 3027 982 3074 Cressi-

48 3090 104 3147 pitis
121 3085 272 3133 diminutio.”
305 3085 328 3130 A
347 3083 500 3130 ‘deminutio’
532 3099 581 3145 pes,
600 3101 614 3130 a
631 3088 757 3145 patriciam
780 3089 826 3134 and
848 3089 889 3134 the
910 3090 981 3145 third,

48 3151 68 3196 is
85 3166 100 3196 a
117 3149 270 3208 diminishing
291 3161 318 3192 οι·
336 3148 460 3207 impeiring
477 3147 504 3192 of
534 3149 663 3204 Dolabella,
674 3164 721 3195 was
732 3151 780 3195 also
791 3151 935 3210 a'patrician.

49 3214 89 3258 the
106 3216 168 3258 state
184 3225 211 3256 or
227 3210 345 3256 condition
361 3211 387 3255 ol
400 3210 500 3268 athing.
565 3211 620 3257 Hoc
646 3214 751 3268 nomine]
789 3213 843 3258 ‘On
870 3213 917 3256 this
943 3227 982 3258 ac·

50 3276 134 3322 Caesar
153 3273 192 3334 (B.
210 3273 239 3320 G.
258 3273 296 3318 vii.
312 3271 353 3332 33)
373 3287 433 3332 says,
446 3276 461 3298 “
471 3287 501 3317 ne
533 3272 621 3328 connt,'
630 3271 705 3318 which
715 3275 726 3319 I
738 3288 839 3334 suppose
849 3273 869 3317 is
879 3287 910 3317 en
918 3273 981 3332 Eng-

51 3338 105 3398 quid
121 3336 213 3394 dejure
227 3339 269 3380 aut
279 3335 308 3378 de
319 3335 408 3391 legibus
420 3349 500 3379 eorum
531 3335 577 3380 lish
593 3336 767 3393 book-keeping
784 3336 874 3392 phrase,
885 3347 911 3378 as
923 3335 982 3380 ‘hoc

51 3398 191 3447 deminuisse
211 3395 354 3442 videretur.”
397 3395 441 3440 See
459 3396 501 3440 the
531 3396 635 3441 nomins'
646 3397 666 3440 i
676 3409 762 3452 among
772 3395 812 3439 the
822 3395 933 3440 Romam.
