2362 3756
450 207 537 266 olP.
558 208 621 267 ΙΙΙ.
642 209 698 269 IV.
984 216 1021 272 11

72 365 137 424 Meo
148 365 278 439 hercule,
289 363 399 443 inquit,
411 363 438 422 si
448 384 502 441 ego
516 365 664 444 Seriphius
675 385 777 440 essem,
788 366 902 440 nobilis,
912 386 967 426 neo
977 373 1021 442 tu,

73 456 302 515 aiAtheniensis
317 475 408 526 esses,
420 455 514 514 clarus
527 476 656 534 unquam
668 457 783 516 fuisses.
819 458 906 532 Quod
919 458 1021 518 eodem

73 548 155 606 modo
168 547 206 606 de
221 551 380 606 senectute
400 545 458 606 dici
470 551 577 624 potest.
618 547 649 606 N
651 567 684 606 ec
704 549 781 606 enim
801 548 833 607 in
852 569 964 608 summa
976 549 1020 608 in-

73 640 137 717 opia
148 641 222 699 levis
235 660 302 698 esso
318 641 459 716 senectus
472 644 622 716 potestne
637 640 761 718 sapienti
775 641 963 718 quidem,'nec
976 642 1019 702 in·

74 731 189 808 sipienti
203 732 295 789 etiam
309 731 343 787 in
357 749 472 788 summa
490 729 572 808 copis
590 751 651 789 non
664 731 767 808 gravis.
809 735 837 790 9.
857 733 1020 810 Aptissima

73 823 189 881 omnino
204 827 286 894 sunt,
303 821 403 897 Scipio
417 825 448 877 et
461 821 551 893 Laeli,
565 841 644 880 arma
664 822 824 880 senectutis
845 828 923 880 artes
939 843 1019 881 exer·

73 913 286 990 citationesque
299 911 456 984 virtutum,
470 931 543 988 quae
556 911 596 969 in'
609 911 688 970 omni
701 917 796 972 aetate
810 913 914 986 cultae,
929 933 1019 991 quum

73 1003 121 1061 din
145 1005 336 1082 multumque
360 1002 475 1074 vixeris,
499 1003 635 1062 mirificos
662 1005 788 1062 efferunt
810 1004 934 1076 fructus,
958 1024 1019 1064 non

73 1095 164 1154 solum
175 1095 248 1172 quia
259 1113 414 1171 nunquam
425 1093 564 1152 deserunt
573 1113 611 1152 ne
622 1099 751 1152 extremo
761 1094 877 1172 quidem
887 1101 1018 1172 tempore

72 1186 184 1256 aetatis,
199 1204 379 1263 quamquam
397 1182 428 1242 id
443 1183 560 1262 quidem
573 1184 727 1242 maximum
744 1191 799 1258 est,
813 1205 912 1244 verum
930 1185 1018 1245 etiam

72 1276 136 1352 quia
149 1275 335 1334 conscientia
352 1274 429 1332 bene
448 1281 529 1334 setae
542 1275 619 1332 ritae
638 1275 854 1354 multorumque
872 1276 947 1336 bene
960 1275 1017 1336 fae·

72 1373 168 1425 torum
180 1365 348 1424 recordatio
358 1365 570 1442 jucundissima
583 1371 637 1424 est.

108 1457 165 1517 IV.
188 1461 239 1522 10.
260 1457 331 1533 Ego·
343 1456 380 1529 Q.
395 1443 566 1528 Maximum,
581 1476 647 1516 eum
661 1455 711 1534 qui
724 1457 882 1516 Tarentum
897 1453 1016 1535 recepit,

72 1548 241 1607 adolescens
260 1547 304 1604 ita
324 1546 412 1604 dilexi
432 1567 531 1605 senem
551 1551 586 1605 ut
607 1547 764 1624 aequalem.
805 1547 877 1604 Ernt
894 1546 971 1604 enim
984 1546 1017 1606 in

71 1637 118 1697 illo
136 1639 201 1698 viro
226 1637 368 1696 comitate
391 1637 508 1696 condita
531 1637 665 1714 gravitas,
686 1657 741 1696 neo
766 1643 899 1696 senectus
921 1657 1016 1698 mores

71 1735 256 1800 mutaveram
284 1747 458 1806 quamquem
479 1748 545 1786 eum
566 1728 659 1787 colere
679 1727 760 1806 coepi
781 1747 842 1786 non
861 1729 1015 1788 admodum

71 1821 212 1898 grandem
231 1825 317 1890 natu,
332 1819 385 1876 sed
402 1823 502 1877 tamen
516 1819 578 1898 jam
598 1824 695 1878 aetate
707 1807 885 1897 proveetum.
925 1821 1015 1880 Anno

71 1913 149 1970 enim
169 1916 240 1989 post
265 1909 370 1970 consul
390 1909 516 1988 primum
538 1909 634 1968 fueret
652 1930 737 1988 quam
759 1929 813 1986 ego
832 1913 920 1968 natus
941 1931 1014 1983 sum,

72 2023 195 2081 cumque
209 2022 245 2060 eo
260 2006 398 2079 quartum
417 2001 534 2060 consule
555 2000 787 2060 adolescentulus
807 2001 889 2058 miles
909 2001 946 2059 ad
961 2001 1015 2059 Oa·

70 2113 157 2171 puam
170 2093 326 2172 profectus
348 2111 419 2164 sum,
434 2091 593 2169 quintoque
613 2111 690 2150 anno
709 2096 777 2169 post
795 2091 832 2150 ad
845 2091 1013 2150 Tarentum.

72 2185 221 2260 Quaestor
234 2182 342 2242 deinde
356 2181 543 2260 quadriennio
563 2187 630 2260 post
649 2183 745 2241 faetus
766 2202 839 2254 sum,
853 2203 940 2262 quem
955 2203 1014 2241 ma-

104 2327 176 2382 Qreod
187 2325 270 2372 eodem
284 2322 367 2383 modo]
401 2323 452 2369 The
466 2337 531 2368 oom-
562 2322 590 2369 ol
602 2323 639 2370 his
653 2323 777 2380 narrative,
788 2322 865 2369 which
879 2322 972 2370 isdone
982 2321 1015 2383 hy

69 2393 165 2450 parison
183 2389 204 2434 is
221 2385 530 2448 expressedby‘UtThe-
562 2386 604 2432 the
625 2385 690 2432 word
712 2385 799 2432 ‘eum'
833 2385 920 2432 Fabius
939 2385 959 2431 is
982 2385 1013 2436 Q.

70 2450 207 2508 mistocles,’
224 2451 278 2506 δια,
290 2449 338 2495 and
348 2448 380 2510 by
391 2454 397 2476 ⁶
408 2448 480 2500 Quod
491 2462 528 2494 eo·
563 2449 649 2496 Fabius
657 2449 776 2495 Maximus
785 2447 1015 2503 Cunetsmr,hewho

70 2517 123 2563 dem
134 2514 225 2571 modo‚’
238 2515 284 2560 &c
562 2513 614 2558 first
631 2512 733 2559 cheeked
750 2511 854 2558 Annibal
867 2510 899 2571 by
909 2511 946 2556 his
957 2525 1014 2571 pru·

102 2583 126 2626 4.
144 2580 211 2625 Eum
224 2575 390 2637 qui-inille]
424 2572 531 2622 'ruefre-
563 2575 636 2622 dence
648 2575 719 2637 (Livy
728 2574 804 2637 xxii).

72 2647 211 2752 urus
226 2639 320 2750 dtr
336 2637 464 2748 uum
481 2637 530 2748 ‘u'
561 2636 1015 2752 tructimundus

73 2769 177 2828 linguish
187 2767 284 2814 theuse
295 2764 323 2811 of
337 2764 389 2821 ‘is‚'
402 2779 417 2810 a
432 2765 496 2812 word
507 2765 534 2811 oi
561 2765 626 2812 word
644 2765 726 2824 nearly
744 2765 829 2825 always
847 2765 904 2810 used
923 2765 949 2811 in
966 2765 1014 2813 this

73 2831 199 2885 reference,
211 2830 274 2876 from
292 2827 334 2874 the
349 2828 531 2877 demonstrative
563 2843 630 2875 sense
641 2827 704 2888 (niv.
715 2827 748 2874 iii
760 2826 811 2890 67),
823 2833 866 2875 not
874 2833 966 2888 quarto.
984 2829 1015 2874 In

75 2894 145 2950 ‘illu'
156 2893 236 2940 which
246 2891 531 2952 pointstotheremoter
563 2892 604 2938 the
636 2890 820 2937 Monumentum
846 2891 1013 2952 Anoyrsnum:

74 2957 158 3017 object,
169 2957 240 3003 when
251 2954 387 3002 oontrasted
393 2954 450 3000 with
462 2952 529 3010 ‘hio,'
563 2959 578 2984 ‘⁸
591 2953 741 3000 Patritiorum
754 2968 878 3000 numerum
888 2955 943 3001 unxi
957 2969 1015 3002 eon·

75 3021 150 3067 which
166 3021 241 3066 refers
259 3023 286 3064 to
304 3018 347 3063 the
364 3031 461 3073 nearer3
484 3017 531 3064 end
563 3017 600 3064 sul
610 3013 745 3077 quurtum.”

75 3083 142 3136 rhen
154 3083 217 3130 ‘ille'
233 3081 255 3128 is
270 3085 316 3126 not
331 3080 464 3126 mnu-ested
475 3080 532 3126 with
598 3079 878 3140 conscendendam]
898 3079 955 3126 This
963 3093 1015 3140 pas·

77 3147 144 3203 ‘hic'
161 3148 181 3194 it
198 3147 219 3192 is
238 3143 290 3192 still
304 3143 363 3190 used
374 3143 532 3204 conformably
563 3157 618 3202 sago
629 3142 709 3188 amnds
719 3157 745 3188 ss
755 3143 774 3188 it
784 3143 805 3188 is
816 3142 841 3188 in
852 3142 946 3190 Orelli’s
956 3145 1015 3188 text.

77 3215 101 3258 to
111 3211 142 3258 its
152 3224 241 3272 proper
251 3207 364 3266 meaning
373 3210 400 3252 to
413 3205 532 3264 designate
563 3207 615 3253 The
626 3206 717 3252 vannus
728 3205 836 3264 readings
847 3219 886 3251 are
897 3220 952 3266 very
962 3219 1015 3265 per·

77 3287 91 3320 s
110 3289 196 3334 person
217 3287 246 3319 or
267 3271 339 3328 thing
359 3267 530 3330 emphstically.
563 3269 666 3330 plexing.
700 3268 780 3316 Cato's
797 3269 958 3328 quaestorship
970 3279 1017 3312 was

78 3335 143 3384 After
156 3336 274 3398 speaking
290 3332 318 3378 oi
331 3332 362 3383 Q.
374 3331 493 3378 Maximus
507 3347 532 3378 ss
564 3331 590 3378 in
601 3331 642 3376 the
656 3331 791 3392 consulship
805 3330 833 3377 oi
846 3331 882 3377 M.
895 3329 1017 3377 Cornelius

79 3399 130 3448 'ills
150 3399 204 3456 vir,’
227 3397 300 3444 ‘that
322 3397 388 3454 great
409 3393 481 3450 man,'
502 3395 533 3442 he
565 3393 690 3453 Cethegus,
706 3393 753 3439 und
767 3394 794 3440 Ρ.
807 3393 958 3452 Sempronius
968 3391 1017 3436 'l'u-

78 3462 159 3528 simply
168 3462 246 3512 refers
253 3463 282 3507 to
293 3459 344 3505 him
354 3471 382 3504 ss
392 3455 433 3502 the
443 3456 533 3518 subject
564 3457 667 3513 ditanm,
676 3469 725 3503 no.
737 3458 792 3504 2⁰4.
824 3455 876 3502 The
886 3453 983 3514 reading
992 3451 1017 3500 in
