2372 3758
148 199 207 258 170
521 163 725 263 nrisrons

148 355 286 429 desinam,
300 375 396 434 neque
409 361 441 416 te
454 357 557 435 patiar,
568 362 712 436 quantum
725 356 782 416 erit
795 356 828 416 in
841 376 896 431 me,
911 377 981 417 eum
996 378 1103 440 excep·

147 447 229 506 tione
242 447 362 506 laudari.
405 448 516 508 Omnes
529 448 608 507 enim
622 449 673 525 qui
688 448 777 507 istinc
789 448 921 521 veniunt,
935 449 981 508 ita
995 451 1034 509 de
1047 456 1103 511 tua

147 537 264 610 virtute,
278 537 459 614 integritate,
473 539 658 598 humanitate
680 545 914 612 commemorant,
930 547 966 598 ut
985 542 1019 599 in
1038 542 1102 601 tuis

148 628 269 686 summis
279 629 414 688 laudibus
425 629 572 708 excipiant
582 649 671 687 unam
681 629 868 689 iracundiam.
887 630 984 705 'Quod
994 625 1101 691 vitium

147 739 237 796 quum
256 719 288 776 in
306 720 360 778 hac
380 720 493 798 privata
506 720 731 798 quotidianaque
745 720 805 779 vita
826 721 897 780 levis
920 741 986 780 esse
1007 723 1100 781 animi
1170 767 1171 776 ,

147 815 235 887 atque
255 809 363 868 infirmi
385 811 509 882 videtur,
533 817 599 868 tum
620 831 688 870 vero
707 811 782 868 nihil
805 817 851 870 est
877 816 939 870 tam
967 813 1099 872 deforme

147 920 232 977 quam
254 901 291 958 ad
314 921 458 958 summum
478 901 633 978 imperium
652 901 740 960 etiam
760 901 949 960 acerbitatem
969 908 1099 962 naturae

147 991 313 1070 adjungere.
356 992 453 1065 Quare
473 991 547 1050 illud
565 1011 628 1051 non
649 991 805 1069 suscipiam
824 997 867 1064 nt,
887 1013 962 1070 quae
983 993 1019 1052 de
1039 993 1097 1052 ira·

148 1081 253 1140 cundia
271 1081 328 1140 dici
348 1082 443 1140 solent
462 1081 667 1141 adectissimis
687 1082 863 1156 hominibus,
883 1103 917 1142 ea
937 1104 1018 1143 nunc
1041 1085 1099 1144 tibi

97 1187 106 1202 ·
148 1192 297 1251 exponam,
307 1193 397 1251 quum
411 1179 441 1232 et
451 1173 538 1232 nimis
549 1174 655 1250 longus
669 1193 733 1232 esse
742 1175 834 1232 nolim
845 1179 875 1233 et
889 1195 925 1233 ex
935 1176 1099 1235 multorum

149 1263 265 1342 seriptis
284 1283 319 1322 ea
337 1263 420 1322 facile
440 1264 534 1342 possis
555 1283 748 1340 cognoscere:
769 1265 842 1324 illud
859 1265 937 1342 quod
955 1271 1001 1324 est
1022 1266 1098 1345 epis-

148 1356 231 1416 telae
239 1355 396 1434 proprium,
410 1360 446 1414 ut
463 1355 488 1412 is
508 1355 544 1414 ad
558 1375 645 1432 quem
664 1355 802 1414 scribitur
815 1355 851 1414 de
863 1356 900 1414 iis
920 1348 1010 1415 rebus
1025 1375 1098 1436 quas

148 1447 264 1524 ignorat
278 1447 384 1506 certior
396 1447 456 1518 fiat,
470 1446 764 1524 praetermittendum
778 1467 842 1506 esse
855 1466 916 1505 non
929 1451 1013 1524 puto.
1049 1451 1097 1507 38.

150 1539 198 1597 sic
211 1539 249 1597 ad
261 1559 316 1597 nos
330 1557 430 1597 omnes
443 1537 504 1596 fere
518 1536 663 1610 deferimt,
672 1536 747 1594 nihil
757 1555 848 1614 quum
858 1536 935 1595 absit
945 1537 1098 1596 iracundia

149 1635 181 1689 te
194 1629 257 1688 fieri
270 1650 355 1707 posse
365 1627 523 1708 jucundius
534 1652 541 1700 ;
562 1627 614 1686 sed
627 1647 717 1705 quum
735 1633 767 1686 te
786 1627 908 1706 alicujus
921 1626 1096 1705 improbitas

149 1719 379 1799 perversitasque
399 1717 593 1790 commoverit,
619 1717 660 1777 aio
683 1723 714 1776 te
738 1717 834 1776 animo
857 1717 975 1776 incitari
998 1724 1035 1778 ut
1061 1719 1097 1778 ab

150 1810 285 1870 omnibus
303 1815 357 1868 tua
377 1809 558 1868 desideretur
578 1808 753 1867 humanitas.
798 1809 896 1882 Quare
909 1809 1049 1886 quoniam
1066 1810 1098 1868 in

151 1919 214 1959 eam
227 1899 369 1957 rationem
379 1899 456 1958 vitae
465 1919 521 1958 nos
534 1904 668 1958 nontam
678 1899 823 1978 cupiditas
834 1899 975 1977 quaedam
990 1900 1098 1978 gloriae

151 2009 236 2069 quam
250 2009 297 2048 res
310 1989 374 2068 ipsa
393 2009 427 2048 ac
448 1989 567 2049 fortuna
587 1990 716 2063 deduxit,
731 1995 766 2048 ut
787 1990 982 2068 sempiternus
1004 2011 1098 2050 sermo

150 2081 302 2140 hominum
316 2081 351 2139 de
364 2068 449 2139 nobis
462 2081 582 2140 futurus
597 2081 644 2154 sit,
655 2099 814 2154 caveamus,
826 2085 968 2156 quantum
983 2080 1098 2139 efficere

151 2179 183 2232 et
196 2171 334 2250 consequi
346 2190 509 2250 possumus,
523 2177 559 2230 ut
571 2191 610 2230 ne
624 2171 702 2249 quod
714 2171 747 2229 in
766 2170 851 2229 nobis
864 2169 980 2246 insigne
993 2171 1100 2230 vitium

151 2266 242 2325 fuisse
269 2253 406 2323 dicatur.x
437 2263 543 2340 Neque
570 2282 624 2339 ego
651 2281 732 2320 nunc
757 2262 813 2320 hoc
840 2259 994 2333 contendo,
1020 2261 1100 2338 quod

152 2357 276 2417 fortasse
290 2375 380 2435 quum
391 2354 431 2413 in
449 2353 528 2414 omni
547 2358 655 2412 natura
673 2357 739 2410 tum
753 2351 815 2430 jam
827 2351 860 2408 in
877 2355 980 2409 nostra
1001 2357 1101 2410 aetate

187 2500 224 2548 13.
245 2498 292 2554 Qui
311 2498 383 2544 iatine
400 2494 517 2555 schiuah]
563 2493 607 2539 See
638 2489 685 2538 We
702 2489 770 2536 don't
786 2489 851 2536 write
867 2493 892 2536 to
912 2503 1001 2536 aman
1017 2494 1043 2537 to
1059 2491 1102 2538 tell

153 2563 192 2610 De
211 2563 264 2609 Sen.
284 2565 307 2609 2.
341 2561 423 2608 Cicero
438 2573 491 2606 now
504 2571 559 2618 goes
576 2571 608 2602 on
638 2553 689 2600 him
706 2553 770 2600 what
788 2553 818 2598 he
840 2567 894 2614 may
913 2552 984 2598 know
1007 2567 1035 2599 οι·
1058 2561 1103 2600 not

149 2630 179 2672 to
204 2625 277 2672 touch
303 2624 345 2670 the
365 2623 431 2670 wesk
451 2626 505 2682 pert
526 2619 554 2667 ol
570 2619 608 2666 his
639 2617 717 2672 1111011,
728 2615 772 2662 but
782 2615 845 2662 what
856 2615 886 2662 he
896 2615 952 2662 does
963 2619 1007 2662 not
1019 2616 1101 2665 know.

153 2687 328 2742 brother,—his
346 2687 416 2746 hasty
433 2691 539 2745 temper3
556 2682 608 2742 ,and
675 2681 871 2732 Careamus-ut
888 2679 928 2740 ae]
964 2679 1017 2726 ‘Ut
1027 2681 1103 2729 ne'is

153 2751 184 2797 he
195 2750 251 2795 does
263 2749 282 2794 it
292 2749 349 2794 with
360 2753 424 2808 grean
440 2752 496 2794 tant.
532 2745 609 2792 There
641 2757 707 2790 more
724 2742 841 2803 emphatic
860 2742 918 2788 than
941 2741 1011 2798 ‘ne;'
1036 2750 1104 2792 most

153 2813 174 2859 is
190 2809 610 2870 noreasontodoubttheintegrity
640 2806 774 2867 frequently
795 2805 854 2852 used
875 2805 943 2851 when
965 2806 1104 2868 something

154 2875 182 2922 of
190 2875 302 2930 Quintus,
313 2875 366 2920 who
376 2888 431 2930 was,
442 2888 468 2919 as
481 2875 500 2920 it
511 2887 610 2933 appears
641 2871 662 2918 is
682 2869 816 2930 interposed
833 2868 939 2915 between
953 2869 1035 2914 ‘cave'
1053 2872 1105 2919 and

154 2938 214 2985 hom
233 2937 295 2984 what
313 2951 348 2983 we
369 2937 438 2982 know
459 2937 486 2982 ol
504 2935 562 2992 him,
583 2949 610 2982 as
642 2933 705 2979 ‘ne'
737 2933 789 2979 Th0
805 2945 913 2978 common
929 2931 1103 2982 formisthisz

154 3001 241 3048 honest
259 3015 285 3046 as
303 3015 318 3046 a
338 3001 431 3046 Roman
447 3003 472 3046 at
492 2999 534 3046 the
552 2999 610 3044 time
642 2996 739 3047 “Quod
749 2995 880 3042 neaccidat
894 2994 1105 3044 cavendnmest.”

155 3065 209 3111 well
219 3062 336 3110 oouldbe.
370 3063 466 3109 stas
479 3063 610 3109 howevera
642 3060 680 3107 De
698 3059 754 3106 Am.
773 3060 812 3106 26.
847 3057 907 3104 ‘Ne'
924 3057 945 3104 is
962 3059 1106 3108 sometimes

155 3127 223 3182 little,
240 3125 344 3172 irritable
360 3124 444 3180 fellow,
456 3125 511 3170 with
528 3125 610 3185 plenty
642 3122 749 3178 omitted,
772 3136 798 3168 as
820 3125 900 3168 “eave
922 3120 1008 3167 Catoni
1031 3127 1106 3170 ante-

156 3190 183 3236 of
197 3201 304 3246 oourage,
316 3187 363 3232 and
378 3187 478 3248 perhaps
496 3201 527 3233 no
545 3189 610 3247 great
641 3183 742 3246 ponas,''
752 3184 890 3241 DeAm.2;
901 3184 1107 3243 “eavedixeris,”

155 3251 289 3299 discretion.
643 3251 658 3275 ‘⁸
667 3248 786 3294 takeeare
800 3247 853 3294 how
863 3261 910 3308 you
921 3261 963 3308 say
973 3246 1019 3294 it.”
1056 3249 1109 3298 For

129 3327 132 3336 ¹
191 3313 328 3362 ΙΙΙ-1111121
344 3312 415 3357 retur
431 3311 607 3371 proripuerat]
642 3309 712 3358 other
729 3311 848 3371 examples
866 3311 894 3358 of
909 3315 952 3357 ‘ut
967 3309 1017 3369 ne,'
1031 3313 1109 3362 when

157 3377 277 3437 “Ignoret
295 3374 352 3420 Ern.
376 3372 457 3432 susp.”
475 3374 496 3419 is
515 3373 610 3420 Orelli’s
641 3373 710 3420 other
728 3373 805 3420 words
823 3373 882 3419 than
904 3373 983 3420 ‘eave'
1002 3379 1110 3435 precede

155 3444 220 3488 note.
237 3439 286 3487 But
296 3435 376 3498 whyis
387 3435 418 3481 he
428 3449 454 3482 so
465 3436 610 3496 suspicions?
642 3438 685 3481 ‘ut
694 3434 742 3492 ne,'
754 3449 794 3482 aee
805 3436 843 3482 De
853 3437 908 3484 Am.
923 3438 960 3494 12,
975 3439 1013 3496 16,
1027 3439 1069 3487 18.
