2372 3758
431 153 518 215 uAP.
539 152 615 211 XII.
636 151 730 210 XIII.
1008 155 1047 210 99

114 311 148 370 sit
159 310 249 381 labes,
263 309 357 386 primo
373 308 499 368 Gabinia
517 307 589 384 lege,
601 303 720 366 biennio
738 307 838 363 autem
857 309 924 380 post
939 304 1047 364 Cassia.

114 401 217 460 Videre
233 400 295 477 jam
313 399 415 458 videor
433 399 573 477 populum
590 417 608 456 s
626 399 731 455 senatu
751 393 936 471 disjunctum,
951 394 1047 452 multi·

114 490 220 549 tudinis
244 489 365 547 arbitrio
384 509 433 548 res
452 489 589 547 maximas
616 486 672 564 agi.
713 485 816 544 Plures
837 483 913 542 enim
934 485 1047 544 discent

114 567 351 658 quemadmodum
364 577 436 636 haec
453 579 525 636 fiant
544 596 630 654 quam
646 573 885 652 quemadmodum
899 574 943 632 his
961 574 1047 632 resis-

114 675 199 728 tatur.
238 671 287 726 42.
310 668 459 741 Quorsum
472 667 565 726 haec?
603 665 680 740 Quia
693 665 755 723 sine
769 662 854 722 sociis
867 683 952 722 nemo
965 663 1046 740 quid·

114 778 195 836 quam
207 758 267 815 tale
281 762 414 816 constris.
453 755 691 834 Praecipiendum
704 759 750 814 est
762 753 854 829 igitur
866 753 949 812 bonis
965 758 1007 824 ut,
1022 753 1047 812 si

13 865 14 876 ¹
114 849 143 904 in
151 847 293 925 ejusmodi
304 845 446 904 amicitias
458 845 551 922 ignari
561 864 631 904 casu
643 844 738 922 aliquo
751 842 914 914 inciderint,
925 863 963 902 ne
973 843 1046 902 exis·

114 937 215 996 timent
223 937 267 994 ita
277 956 308 994 se
316 936 450 1012 alligatos
458 941 493 994 ut
502 936 538 995 ab
548 933 850 1011 amicisinrepublica
859 933 1046 1010 peccantibus

113 1046 170 1084 non
183 1026 351 1084 discedant:
372 1025 511 1102 improbis
524 1030 622 1084 autem
635 1043 729 1101 poena
742 1023 897 1084 statuenda
909 1029 971 1094 est;
991 1042 1046 1082 nec

113 1135 176 1174 vero
194 1115 289 1174 minor
301 1115 338 1174 iis
352 1115 405 1191 qui
417 1115 510 1174 secuti
527 1119 615 1174 erunt
632 1113 763 1186 alterum,
778 1133 864 1190 quam
877 1114 913 1172 iis
926 1114 977 1190 qui
989 1113 1046 1192 ipsi

112 1203 220 1262 fuerint
231 1204 392 1281 impietatis
407 1203 502 1262 duces.
538 1203 612 1278 Quis
625 1202 727 1262 clarior
739 1202 771 1260 in
786 1202 908 1264 Graecia
917 1203 1045 1262 Themis·

112 1293 210 1352 tocle?
230 1294 295 1370 quis
308 1292 483 1371 potentior?
502 1293 552 1370 qui
565 1313 655 1371 quum
671 1293 828 1370 imperator
840 1293 915 1352 bello
930 1293 1045 1353 Persico

112 1383 250 1440 servitute
265 1383 419 1442 Graeciam
435 1383 594 1456 liberasset,
608 1389 783 1462 propterque
802 1383 938 1442 invidiam
954 1384 986 1442 in
999 1404 1045 1442 ex-

112 1472 205 1530 silium
219 1473 358 1550 expulsus
379 1478 465 1545 esset,
478 1472 610 1548 ingratae
628 1473 739 1550 patriae
754 1473 889 1551 injuriam
901 1493 963 1532 non
975 1473 1046 1532 tulit

111 1581 194 1638 quam
207 1562 283 1620 ferre
297 1561 409 1622 debuit.
449 1563 532 1620 Fecit
545 1562 621 1621 idem
635 1563 712 1638 quod
724 1580 767 1622 xx
780 1563 864 1622 annis
884 1569 953 1621 ante
969 1564 1046 1641 apud

110 1670 162 1710 nos
178 1651 288 1710 fecerat
303 1651 484 1710 Coriolanus.
525 1651 584 1710 His
604 1652 719 1730 adjutor
738 1657 840 1711 contra
859 1653 982 1728 patriam
1002 1653 1045 1710 in-

111 1745 214 1798 ventus
234 1746 280 1798 est
300 1759 404 1798 nemo:
424 1741 522 1818 itaque
543 1745 666 1800 mortem
685 1741 741 1800 sibi
754 1745 877 1818 uterque
897 1741 1043 1802 conscivit.

109 1833 155 1888 43.
178 1830 276 1902 Quare
299 1829 369 1888 talis
390 1829 586 1908 improborum
605 1831 756 1892 consensio
775 1850 837 1890 non
855 1831 940 1890 modo
961 1852 1044 1892 exou-

108 1919 221 1978 satione
242 1919 388 1977 amicitiae
408 1920 533 1996 tegenda
554 1939 616 1979 non
638 1927 691 1996 est,
713 1920 764 1980 sed
783 1920 881 2000 potius
904 1922 1044 2000 supplicio

107 2009 188 2068 omni
199 2008 380 2079 vindicanda,
394 2014 429 2066 ut
448 2030 487 2068 ne
507 2010 572 2087 quis
588 2010 670 2088 [sibi]
685 2031 853 2072 conoessum
872 2017 958 2090 putet
976 2013 1045 2072 ami·

106 2118 173 2158 cum
186 2099 233 2158 vel
246 2099 355 2157 bellum
368 2099 481 2174 patriae
494 2099 668 2160 inferentem
688 2101 778 2179 sequi.
820 2101 907 2176 Quod
920 2102 1044 2178 quidem,

105 2195 141 2248 ut
163 2174 278 2250 reire
301 2189 406 2267 coepit,
426 2190 503 2248 haud
524 2191 583 2250 scio
605 2211 643 2250 an
664 2191 816 2270 aliquando
839 2178 972 2251 fumeum
996 2194 1043 2252 sit.

105 2279 186 2340 Mihi
199 2285 298 2339 autem
311 2300 374 2338 non
393 2280 497 2339 minori
516 2301 602 2340 curae
622 2277 668 2341 est
681 2282 773 2360 qualis
790 2301 837 2340 res
850 2283 965 2359 publica
976 2289 1044 2360 post

103 2376 231 2429 mortem
244 2389 339 2431 meam
352 2368 453 2428 futura
465 2370 504 2428 sit
517 2390 603 2448 quam
616 2371 708 2450 qualis
720 2371 805 2431 hodie
819 2372 865 2430 sit.

143 2461 241 2520 ΠΠ.
261 2463 310 2518 44.
332 2459 416 2519 Haec
429 2460 519 2537 igitur
531 2461 624 2540 prima
635 2462 682 2522 lex
695 2461 837 2522 amicitiae
851 2461 996 2522 sanciatur
1008 2468 1044 2522 ut

100 2664 251 2726 poeeeptrbly
267 2664 365 2724 making
373 2665 404 2712 its
413 2665 490 2727 way,”
502 2670 560 2726 ἰωὴ
623 2671 654 2717 Ia
664 2669 787 2731 exsilium]
810 2669 855 2716 His
866 2673 938 2731 story,
949 2670 996 2716 and
1007 2670 1044 2717 his

98 2729 148 2802 and
160 2729 194 2775 he
211 2728 318 2788 explains
334 2728 432 2775 himself
444 2729 476 2788 by
488 2730 560 2777 refer·
590 2731 719 2792 inglorious
729 2733 782 2789 end,
792 2747 832 2779 are
838 2734 888 2779 told
895 2733 926 2794 by
934 2734 1044 2780 Plutarch

99 2807 156 2852 ring
178 2795 205 2838 to
225 2791 268 2836 the
289 2791 381 2898 ‘Leqes
399 2791 559 2865 Tabellariae!
592 2793 656 2868 (hile
674 2795 701 2842 of
714 2795 892 2869 Themistocles)
912 2797 958 2842 and
974 2797 1043 2870 lhu-

98 2853 560 2976 &ambilitati
590 2857 981 2967 bllastlt2l⁰³⁰¹⁶l
1000 2859 1043 2904 ¹¹⁰⁵

98 2994 149 3028 ns
165 2980 268 3028 another
291 2978 384 3039 equally
404 2979 558 3041 threatening,
625 2983 783 3043 variolam]
810 2983 837 3030 If
843 2982 945 3030 Cicero's
955 2985 1043 3042 twenty

97 3044 142 3090 the
158 3057 323 3106 consequence
341 3041 368 3088 ο1
381 3042 422 3089 the
437 3043 559 3090 ‘Tabella-
590 3059 657 3105 years
667 3045 728 3092 refer
737 3049 763 3092 to
773 3046 815 3092 hie
825 3046 884 3091 exile
895 3046 922 3091 ο1
935 3045 1042 3092 Themis·

97 3107 148 3154 riso
161 3105 255 3167 leges!
590 3108 662 3154 tocles
673 3108 720 3154 and
731 3107 867 3154 Coriolanus
882 3107 1041 3168 respectively,

130 3170 165 3216 In
175 3167 324 3231 republica]
361 3165 509 3227 Seyfferthas
521 3169 560 3214 ‘in
591 3169 812 3216 weseewhatdate
823 3170 853 3216 he
864 3170 952 3228 aesigns
965 3175 990 3215 to
1002 3170 1043 3214 the

96 3245 212 3293 magnam
230 3233 337 3292 aliquam
355 3244 406 3276 rem
425 3229 558 3289 publicam!
590 3231 776 3280 banishmentof
784 3231 1041 3286 Coriolanuaforlhe·

96 3293 252 3344 notastis
270 3307 328 3354 very
341 3293 560 3350 mosomense
590 3293 709 3340 mistocles
729 3307 776 3338 was
797 3292 911 3338 banished
934 3293 960 3336 in
986 3301 1041 3334 mc·
1127 3331 1138 3348 5

94 3359 295 3422 masau.
549 3431 572 3473 E
591 3356 646 3472 ἑτι.
