2296 3752
248 192 550 252 EPISTOLARUM
569 193 689 253 LIBRI
709 194 809 256 DUO.
938 203 997 262 239

49 347 151 407 liorem
165 347 265 406 animo
279 367 343 406 esse
356 367 490 425 cognoro,
502 349 538 406 de
551 347 587 406 iis
598 348 685 406 rebus
697 370 770 427 quse
783 350 830 410 hic
844 359 994 429 geruntur,

48 438 352 515 quemadmodumque
373 457 405 497 se
422 437 569 515 provincia
587 437 701 513 habent,
715 441 868 500 certiorem
882 443 992 504 faciam.

46 528 131 588 Vale.

149 693 198 748 13.
224 689 269 746 Μ.
292 688 445 748 CICERO
467 690 495 750 S.
517 690 555 748 D.
578 690 661 749 SER.
683 692 887 753 SULPIOIO.

344 802 401 876 (Π.
416 805 444 860 6.
484 821 513 861 n.
528 822 558 862 n.
575 821 601 862 c.
616 802 698 880 709.)

42 918 108 994 Ego
132 935 212 989 vero,
238 915 327 988 Servi,
351 915 462 988 vellem,
486 921 522 974 ut
545 917 655 989 scribis,
678 917 710 976 in
733 939 798 978 meo
821 921 988 998 gravissimo

41 1027 115 1065 casu
139 1003 292 1064 adfuisses.
335 1004 487 1077 Quantum
513 1005 591 1064 enim
617 1027 753 1084 praesens
779 1031 825 1068 me
853 1012 987 1090 adjuvare

40 1095 178 1172 potueris
192 1099 224 1153 et
234 1094 408 1152 consolando
423 1099 453 1152 et
466 1114 556 1171 prope
567 1114 657 1172 seque
668 1096 798 1169 dolendo,
809 1099 892 1158 facile
906 1121 986 1160 exeo

40 1185 179 1260 intelligo
193 1181 272 1260 quod
284 1182 376 1239 literis
389 1183 473 1240 lectis
492 1183 672 1259 aliquantum
685 1187 822 1262 acquievi.
863 1191 941 1248 Nom
955 1197 986 1249 et

39 1294 76 1332 eo
99 1271 247 1350 scripsisti
260 1291 333 1347 quae
346 1271 439 1329 levare
457 1273 570 1330 luctum
588 1279 716 1350 possent,
731 1281 761 1332 et
774 1276 806 1332 in
825 1297 871 1336 me
885 1299 984 1338 conso·

38 1364 130 1422 lando
144 1382 207 1420 non
219 1361 392 1419 mediocrem
404 1361 467 1438 ipse
481 1362 570 1419 animi
581 1361 707 1420 dolorem
721 1364 886 1425 adhibuisti.
922 1369 984 1426 Ser·

39 1454 106 1512 vius
121 1458 224 1510 tamen
237 1456 308 1508 tuus
329 1450 463 1508 omnibus
485 1451 593 1522 officiis,
609 1471 682 1528 quoe
700 1453 743 1510 illi
755 1457 879 1532 tempori
892 1458 984 1516 tribui

38 1547 216 1620 potuerunt,
231 1539 384 1598 declaravit
404 1546 435 1597 et
449 1541 551 1616 quanti
570 1541 633 1617 ipse
654 1561 701 1600 me
722 1543 830 1602 faceret
849 1551 879 1603 et
898 1567 984 1622 quam

39 1653 130 1690 suum
144 1631 234 1688 talem
253 1649 321 1705 erga
342 1649 388 1686 me
409 1629 537 1687 animum
557 1630 613 1688 tibi
632 1637 747 1706 gratum
768 1639 886 1710 putaret
904 1637 983 1709 sore3

37 1722 125 1798 eujus
141 1719 236 1778 officio
245 1718 420 1796 jucundiora
432 1719 501 1776 licet
516 1739 600 1796 saepe
613 1721 684 1777 mihi
697 1721 814 1795 fuerint,
824 1744 982 1802 numquam

37 1816 141 1868 temen
168 1807 303 1884 gratiora.
351 1807 405 1865 Me
432 1813 530 1866 sutem
556 1829 616 1866 non
643 1811 734 1870 oratio
758 1817 811 1871 tuo
833 1816 927 1874 solum
951 1823 982 1876 et

37 1899 166 1957 societas
190 1917 282 1973 paene
304 1897 494 1972 aegritudinis
517 1898 569 1955 sed
592 1899 679 1958 etiam
700 1904 858 1964 auctoritas
882 1927 981 1967 conso·

36 1989 128 2046 latur.
170 1988 267 2064 Turpe
281 1986 358 2044 enim
372 2006 434 2044 esse
448 1985 580 2045 existimo
598 2009 645 2047 me
663 2012 723 2050 non
738 1993 781 2051 ite
793 1995 869 2056 ferre
883 2017 980 2058 casum

35 2098 146 2148 mcum,
169 2082 205 2134 ut
231 2075 342 2133 tuteli
369 2075 511 2162 sapientia
536 2078 686 2153 praeditas
710 2081 861 2143 ferendum
884 2094 979 2165 putes.

36 2169 97 2225 Sed
114 2166 263 2245 opprimor
277 2165 425 2223 interdum
447 2169 477 2222 et
491 2165 538 2223 vix
559 2168 664 2226 resisto
684 2169 783 2244 dolori,
797 2176 875 2250 quod
887 2197 921 2235 ea
933 2199 980 2237 me

36 2257 143 2315 solatia
154 2256 293 2314 deficiunt
302 2274 374 2331 quae
385 2254 488 2312 ceteris
497 2274 620 2331 quorum
629 2257 700 2314 mihi
711 2263 839 2337 exempla
848 2284 978 2343 propono

36 2347 127 2406 simili
148 2347 181 2403 in
202 2344 321 2402 fortuna
340 2363 401 2402 non
419 2343 583 2403 defuerunt.
625 2346 703 2402 Nom
724 2353 755 2405 et
770 2350 806 2423 Q.
822 2353 977 2432 Maximus,

73 2507 347 2566 Geronton—tabeat]
380 2506 492 2553 Thereis
558 2509 594 2554 13.
611 2507 663 2554 The
683 2523 773 2558 ouswer
793 2514 821 2560 of
845 2515 926 2567 Cicero
948 2526 974 2568 tc

36 2589 69 2620 no
99 2571 275 2629 inconsistency
301 2569 326 2614 in
353 2569 419 2615 these
445 2574 491 2615 two
525 2570 626 2617 Servius.

37 2637 119 2692 forme,
126 2634 169 2680 the
181 2632 260 2678 choice
268 2631 294 2677 of
303 2632 378 2677 which
389 2631 492 2691 depende
555 2634 609 2692 qu
620 2634 696 2694 cord]
719 2636 755 2682 “I
767 2637 824 2684 wish
835 2640 919 2689 indeed
929 2660 976 2706 you

37 2715 68 2773 9¹¹
87 2715 102 2744 a
113 2711 177 2806 bvery
195 2695 247 2740 nice
261 2694 404 2816 lqilrffeqeeqlqet
405 2695 493 2802 111·ἱὶΒὲ
523 2695 644 2804 qqdibeen
654 2698 711 2744 with
723 2700 785 2746 me.’'
819 2702 863 2751 See
877 2706 924 2753 No.
939 2710 975 2765 11,

36 2777 64 2808 ns
86 2776 112 2806 re
130 2773 159 2805 us
183 2771 244 2818 quse
287 2772 300 2804 c
377 2773 392 2802 n
560 2792 594 2804 ..

38 2825 138 2871 “about
155 2821 197 2867 the
212 2819 292 2879 things
309 2820 361 2864 that
374 2819 493 2878 aregoing
558 2821 755 2886 Servius—tuae]
791 2826 835 2875 His
855 2845 899 2878 son
921 2833 974 2881 Ser.

37 2882 165 2934 onhere.’'
199 2883 292 2928 Servius
303 2882 372 2928 could
382 2881 493 2940 certainly
524 2883 869 2944 viusbyhiswifePostumia.

37 2951 97 2996 hove
123 2945 175 2993 said
200 2949 284 3005 “quse
315 2945 354 2990 hic
383 2948 494 3003 gerantur
560 2947 588 3000 Q.
599 2947 744 3010 Maximum]
765 2952 795 3002 Q.
804 2953 889 3003 Fabius
897 2957 975 3006 Maxi-

37 3007 286 3072 quemadmodumque
304 3039 310 3052 .
329 3039 335 3053 .
353 3024 376 3053 ,ι
399 3005 492 3062 hebeat,
524 3022 586 3063 mus,
605 3009 683 3056 whom
702 3011 732 3058 he
754 3017 870 3066 mentions
891 3021 917 3066 in
935 3023 976 3070 the

39 3076 162 3120 certiorem
174 3068 333 3125 faciam‚”but
344 3069 374 3115 he
382 3069 456 3114 would
468 3069 493 3114 in
525 3071 563 3116 De
574 3071 707 3130 Senectute,
718 3089 738 3120 c.
750 3078 773 3132 4,
781 3082 823 3125 &c
857 3082 885 3128 L.
895 3083 976 3131 Aemi·

38 3138 91 3182 that
108 3147 162 3181 cese
181 3133 240 3178 heve
256 3131 358 3191 adopted
372 3146 386 3178 o
402 3132 495 3190 general
526 3132 571 3179 lius
598 3133 701 3190 Pauline,
728 3138 768 3184 the
795 3156 926 3203 conqueror
952 3147 979 3194 oi

40 3200 109 3245 mode
126 3195 154 3242 of
173 3195 309 3254 expression
330 3195 356 3240 iu
379 3194 421 3239 the
443 3194 495 3240 first
527 3194 616 3251 Perses,
638 3197 680 3242 the
701 3199 746 3246 laet
767 3202 824 3263 king
845 3205 873 3252 of
896 3207 976 3256 Mace.

40 3260 146 3307 member
156 3257 184 3303 οἰ
194 3257 236 3303 the
247 3261 364 3312 sentence,
376 3256 452 3302 which
462 3256 493 3302 he
524 3257 602 3312 donia,
614 3255 660 3304 lost
671 3274 715 3306 one
724 3276 767 3308 son
778 3265 823 3312 five
833 3267 890 3326 days
897 3268 977 3317 before

40 3324 82 3369 has
98 3319 196 3368 avoided
206 3319 238 3379 by
247 3319 289 3366 the
305 3333 346 3366 use
361 3318 388 3364 os
401 3318 442 3366 the
456 3319 492 3364 in-
524 3320 561 3365 his
581 3321 694 3380 triumph,
714 3325 761 3370 and
787 3328 886 3374 onother-
911 3331 978 3378 three

41 3385 147 3432 dicotive.
525 3381 651 3442 thysnfter
661 3383 821 3447 histriumph·
855 3390 918 3452 (Liv.
930 3393 977 3440 xlv.
