2296 3752
217 174 516 236 EPISTOLARUM
535 173 656 234 LIBRI
675 173 775 234 DUO.
905 177 963 234 24³

15 334 97 390 sunt
119 328 198 388 enim
218 329 357 407 permulti
378 329 481 408 optimi
497 329 553 390 viri
574 328 625 406 qui
645 325 819 388 valetudinis
833 347 920 388 eausa
932 327 965 386 in

14 420 95 479 haee
108 421 173 480 loea
185 421 311 491 veniant,
329 426 479 498 praeterea
497 440 532 479 ex
551 419 716 497 municipiis
734 419 901 496 frequentes
914 438 964 477 ne·

14 511 144 569 oessaiii
164 511 333 588 mei-quin
354 531 463 582 omnes,
477 531 567 588 quum
588 515 620 569 te
639 509 758 569 summis
776 509 910 570 laudibus
928 509 965 568 ad

14 603 138 661 eaelum
152 602 330 674 extulenmt,
344 602 417 660 mihi
435 601 575 660 continuo
593 600 731 660 maximas
745 599 853 677 gratiae
864 606 963 682 agant.

14 693 147 770 Negant
161 692 238 751 enim
252 711 284 750 se
302 692 435 752 dubitare
453 692 524 770 quin
544 697 579 750 tu
592 691 664 750 meis
677 691 839 769 praeceptis
853 696 884 749 et
897 693 964 750 don·

14 782 94 842 siliis
118 783 322 860 obtemperans
343 783 627 860 praestantissimum
644 787 676 842 te
689 782 781 842 civem
794 786 825 839 et
839 781 963 858 singula

14 893 81 931 sem
96 873 247 932 eonsulem
260 873 407 950 praebeas.
434 873 548 948 Quibus
562 893 616 950 ego
630 892 803 951 quamquam
817 872 964 932 verissime

14 983 144 1040 possum
157 963 333 1042 respondere
341 968 372 1022 te
382 984 455 1042 quae
464 963 553 1023 facias
566 969 620 1023 tuo
629 963 740 1043 judicio
754 968 785 1022 et
794 968 847 1022 tua
860 969 964 1042 sponte

14 1053 119 1114 faeere
139 1073 195 1112 nee
215 1054 386 1132 cujusquam
405 1075 490 1132 egere
510 1054 638 1126 oonsilio,
656 1060 756 1113 tamen
771 1073 865 1133 neque
878 1055 964 1133 plane

14 1146 178 1219 assentior,
198 1166 236 1204 ne
256 1145 425 1204 imminuam
445 1151 527 1206 tuam
546 1145 670 1217 laudem,
692 1145 719 1204 si
738 1145 831 1204 omnis
851 1165 869 1204 a
891 1145 963 1204 meis

14 1237 156 1295 consiliis
169 1235 302 1314 profecta
319 1235 451 1294 videatur
462 1261 470 1308 ;
490 1256 585 1312 neque
597 1236 679 1295 valde
692 1255 787 1312 nego:
808 1255 872 1293 sum
886 1235 964 1294 enim

14 1327 133 1386 avidior
147 1327 236 1386 etiam
250 1345 337 1404 quam
350 1326 421 1384 satis
439 1332 485 1386 est
504 1325 629 1404 gloriae:
651 1331 682 1386 et
701 1331 801 1384 tamen
816 1346 877 1385 non
897 1326 964 1384 alie·

14 1435 94 1474 num
108 1421 156 1475 est
169 1416 313 1492 dignitate
327 1417 478 1494 meguod
491 1416 548 1495 ipsi
561 1417 774 1494 Agamemnoni
787 1436 889 1494 regum
902 1417 964 1494 regi

14 1505 81 1564 fuit
94 1507 254 1565 honestum
273 1506 379 1565 habere
397 1507 522 1584 aliquem
542 1506 575 1566 in
587 1507 715 1566 consiliis
728 1507 874 1587 capiendis
888 1508 964 1567 Nes·

14 1601 126 1670 torem,
141 1597 213 1654 mihi
226 1616 293 1654 vero
313 1596 470 1672 gloriosum
488 1602 520 1656 te
538 1597 676 1676 juvenem
694 1599 843 1658 consulem
862 1598 964 1657 florere

14 1687 159 1746 laudibus
184 1686 268 1763 quasi
289 1686 438 1746 alumnum
461 1687 630 1764 disciplinae
649 1708 738 1747 meae.
788 1690 823 1747 L.
848 1688 964 1764 quidem

15 1778 141 1850 Caesar,
152 1798 244 1855 quum
255 1776 366 1836 adeum
377 1783 528 1855 aegrotum
538 1779 693 1857 Neapolim
704 1778 855 1851 venissem,
867 1798 964 1856 quam·

15 1889 108 1946 quam
133 1875 198 1928 erat
225 1887 381 1946 oppressus
408 1868 501 1927 totius
528 1869 656 1948 eorporis
685 1869 842 1943 doloribus,
865 1875 965 1928 tamen

15 1965 89 2018 ante
112 1979 201 2036 quam
222 1978 268 2016 me
288 1958 374 2036 plane
394 1958 539 2031 salutavit,
556 1959 582 2017 Ο
600 1959 641 2018 mi
659 1960 769 2034 Cicero,
783 1960 887 2040 inquit,
901 1981 964 2038 gra·

15 2055 101 2113 tulor
114 2053 171 2114 tibi
189 2073 279 2130 quum
296 2058 412 2112 tantum
431 2053 508 2112 vales
528 2054 605 2131 apud
623 2055 804 2114 Dolabellam
822 2062 965 2132 quantum

16 2144 42 2201 si
65 2164 123 2221 ego
148 2143 228 2221 apud
250 2143 355 2202 sororis
376 2143 469 2201 filium
488 2143 620 2217 valerem,
632 2145 694 2222 jam
707 2145 778 2204 salvi
791 2165 855 2203 esse
867 2167 965 2223 posse-

16 2254 95 2294 mus.
138 2233 309 2294 Dolabellae
329 2254 397 2293 vero
419 2239 472 2292 tuo
498 2240 528 2292 et
552 2236 690 2312 gratulor,
715 2240 746 2292 et
770 2235 877 2311 gratias
901 2257 964 2313 ego,

17 2345 108 2404 quem
122 2326 241 2404 quidem
254 2329 364 2403 postte
378 2325 527 2384 consulem
541 2325 635 2384 solum
647 2344 803 2402 possumus
817 2344 884 2383 vere
898 2345 964 2384 eon·

17 2418 116 2475 sulem
140 2416 245 2474 dicere.
295 2415 409 2474 Deinde
427 2416 521 2474 multa
542 2415 578 2473 de
598 2414 677 2472 facto
699 2433 732 2472 aa
757 2412 792 2472 de
812 2433 845 2472 re
865 2419 964 2491 geata3

17 2511 86 2566 tum
96 2507 173 2564 nihil
186 2505 426 2582 magnificentius,
437 2506 511 2564 nihil
523 2506 698 2584 praeclarius
711 2510 809 2565 actum
819 2526 964 2585 umquam,

51 2647 85 2693 Ia
102 2644 243 2704 hecaleca]
278 2644 480 2692 Cioerowaanow
512 2645 612 2694 dictator
622 2646 715 2694 Caesar.

18 2708 358 2768 athisPompeianum,near
368 2708 447 2754 Baiae.
548 2709 734 2770 Quum-valea]
785 2708 843 2758 This
867 2713 964 2772 “quum

52 2773 86 2819 L.
102 2770 211 2830 Caesam]
246 2771 304 2817 This
319 2770 412 2827 Caesar,
428 2771 480 2817 who
512 2771 592 2819 vales”
620 2778 685 2820 must
705 2773 736 2820 be
758 2775 886 2822 eonnected
907 2776 965 2823 with

20 2849 70 2881 was
87 2833 172 2881 oonsul
191 2847 239 2879 no.
259 2834 297 2890 64,
316 2834 363 2879 had
379 2848 395 2879 a
413 2833 481 2880 sister
513 2836 638 2895 “gratulor
655 2836 724 2893 tibi‚”
746 2838 784 2884 “l
805 2840 965 2900 oongretulate

19 2897 96 2953 dulia,
108 2897 163 2943 who
180 2911 227 2942 was
246 2896 287 2942 the
301 2897 394 2942 mother
402 2896 428 2942 ol
442 2896 479 2942 M.
511 2912 559 2958 you
573 2913 604 2945 on
621 2899 708 2960 having
726 2915 752 2948 ao
770 2903 965 2952 muchinfluence

21 2960 152 3015 Antonius,
172 2959 254 3005 oonsul
275 2960 332 3005 with
354 2959 382 3006 C.
400 2959 478 3006 Julius
509 2961 567 3008 with
578 2963 727 3011 Dolabella.''
746 2964 789 3012 See
798 2966 964 3028 Key'sGram·

22 3024 112 3072 Caesar
122 3023 148 3068 in
160 3035 208 3068 no.
220 3024 260 3077 44,
271 3022 319 3069 and
333 3037 386 3068 now
397 3023 479 3068 eonsul
510 3038 569 3080 mar,
581 3028 651 3072 1455.

22 3087 82 3133 with
100 3085 239 3140 Dolabella;
256 3085 303 3131 and
320 3085 361 3132 the
378 3086 480 3132 ‘sororis
543 3087 670 3147 Despele,
689 3090 746 3152 δια]
782 3092 827 3138 His
843 3097 909 3152 great
923 3107 963 3140 ex·

24 3149 117 3206 filium‚'
129 3149 210 3195 whom
224 3148 306 3196 cioero
317 3149 442 3205 mentions,
458 3149 479 3195 is
510 3149 581 3210 ploita
592 3167 653 3198 were
668 3153 759 3214 pulling
774 3155 843 3201 down
853 3156 895 3201 the
905 3157 965 3201 altar

25 3213 62 3260 M.
76 3211 202 3260 Antonius.
236 3211 264 3256 L.
277 3210 363 3258 Caesar
375 3226 422 3258 was
437 3225 479 3272 op·
512 3213 663 3260 andoolunm
681 3217 772 3262 ereeted
789 3217 821 3276 by
836 3231 963 3276 someper-

25 3276 97 3338 poaad
108 3281 132 3322 to
140 3274 274 3330 Antonium
286 3273 330 3320 but
340 3274 360 3320 it
370 3273 426 3321 does
436 3279 479 3321 not
511 3289 567 3322 sons
577 3277 603 3322 in
614 3277 705 3324 honour
715 3279 742 3324 of
756 3279 848 3334 Caesar,
859 3278 906 3324 and
920 3293 964 3337 pu-

27 3354 112 3399 appear
122 3338 176 3384 that
186 3337 216 3381 he
227 3351 275 3381 was
286 3351 301 3381 a
311 3341 378 3396 party
394 3341 420 3382 to
436 3338 477 3383 tha
509 3338 604 3396 nishing
621 3339 663 3384 the
681 3353 735 3384 men
753 3341 858 3398 engaged
877 3341 901 3385 in
916 3341 964 3386 this

28 3401 161 3464 eunapii-acy
179 3399 272 3458 against
288 3397 329 3443 the
345 3398 423 3444 lileoi
436 3399 477 3444 the
509 3399 782 3459 matter‚-eruoifyiug
809 3401 891 3458 slaves,
916 3402 963 3448 aad

467 3463 526 3517 a2
