2362 3756
170 186 209 243 88
498 178 606 240 CATO
627 179 782 240 MAJOR.

208 339 296 397 XIV.
322 341 371 396 46.
399 337 463 412 Ego
486 355 553 394 varo
577 339 697 412 propter
720 333 861 393 sermonis
886 333 1106 396 delectationem

167 427 347 506 tempestivis
365 444 480 503 quoque
492 424 629 484 conviviis
643 423 778 496 delector,
792 443 847 482 nec
861 443 927 482 cum
941 425 1105 502 aequalibus

168 519 262 576 solum
275 516 326 594 qui
338 515 423 593 puuci
441 514 595 573 admodum
612 518 735 584 restant,
750 513 801 572 sed
818 533 885 572 cum
905 519 1002 572 vestra
1020 516 1105 574 etism

167 613 263 666 aetate
297 613 384 683 atque
409 605 577 664 vobiscum:
617 603 766 680 habeoque
800 603 946 662 senectuti
973 624 1105 681 magnam

167 697 290 774 gratiam
304 715 377 772 quae
390 694 462 752 mihi
478 693 619 752 sermonis
639 692 807 751 aviditatem
825 693 915 765 auxit,
934 695 1062 770 potionis
1075 701 1105 754 et

166 787 224 847 cibi
248 786 377 846 sustulit.
420 783 557 858 Quodsi
582 803 669 862 quem
692 783 781 840 etiam
804 783 862 842 ista
886 783 1041 857 delectant,
1067 806 1105 846 ne

166 879 284 938 omnino
303 877 413 936 bellum
432 874 571 934 indixisse
588 873 688 932 videar
704 873 848 950 voluptati
862 874 945 952 cujus
958 879 1005 932 est
1018 875 1105 934 etiam

165 970 289 1028 fortasse
303 967 419 1046 quidem
431 965 574 1024 naturalis
587 968 693 1036 motus,
708 983 769 1022 non
788 963 919 1040 intelligo
936 983 974 1022 ne
991 964 1024 1022 in
1039 965 1104 1024 istis

165 1059 281 1138 quidem
294 1056 493 1134 voluptatibus
511 1054 582 1132 ipsis
600 1073 697 1112 carere
718 1073 807 1112 sensu
821 1059 1012 1113 senectutem.
1052 1056 1105 1116 Me

164 1169 232 1209 vero
253 1155 285 1208 ct
305 1145 472 1223 magisteria
494 1145 677 1202 delectante
689 1143 846 1220 majoribus
860 1143 1015 1216 instituta3
1035 1147 1104 1204 etis

165 1260 259 1300 sermo
272 1239 324 1317 qui
341 1256 421 1296 more
438 1236 580 1313 majorum
598 1253 616 1291 a
636 1253 748 1292 summo
762 1233 917 1292 adhibetur
929 1234 962 1292 in
974 1235 1104 1312 poculis3

164 1337 195 1390 et
204 1331 316 1409 pocula,
327 1328 403 1388 sicut
411 1327 443 1385 in
454 1323 599 1405 symposio
610 1323 818 1401 Xenophontis
829 1329 884 1397 est,
894 1324 1008 1384 minute
1018 1329 1105 1403 utque

163 1421 300 1492 rorantia,
309 1425 340 1478 et
352 1415 533 1494 refrigeratio
543 1418 662 1485 aestate,
673 1417 704 1471 et
713 1412 840 1472 vicissim
850 1419 902 1472 aut
913 1414 957 1472 sol
966 1419 1018 1472 aut
1028 1415 1105 1492 ignia

164 1513 311 1571 hibernus.
353 1509 436 1584 Quae
454 1505 570 1584 quidem
586 1503 675 1562 ctiam
690 1503 723 1562 in
741 1503 856 1562 Sabinis
869 1505 1004 1582 persequi
1017 1506 1104 1579 soleo,

163 1601 381 1676 conviviumque
390 1597 550 1656 vicinorum
560 1593 690 1671 quotidie
704 1595 842 1672 compleo,
851 1594 928 1672 quod
938 1595 1105 1654 admultem

163 1697 373 1766 noctemquam
381 1686 503 1746 maxime
513 1683 755 1762 possumusveric
765 1703 898 1744 sermone
908 1685 1104 1763 producimus.

163 1778 211 1840 47,
225 1780 269 1837 At
282 1798 343 1837 non
356 1782 402 1836 est
410 1776 595 1852 voluptatum
605 1779 691 1832 tanta
701 1775 784 1852 quasi
793 1775 924 1834 titillatio
932 1776 965 1834 in
975 1777 1103 1837 senibus.

164 1869 272 1928 Orode:
294 1867 345 1928 sed
357 1885 395 1924 na
409 1863 582 1924 desideratio
592 1863 718 1941 quidem.
745 1865 830 1924 Nihil
840 1867 1104 1927 autem-molestum

195 2013 232 2059 14.
249 2008 352 2068 Μαίη]
387 2007 482 2054 Ernesti
497 2007 615 2054 bss‘mo·
647 2007 708 2067 light
734 2007 782 2055 and
803 2008 878 2070 dewy,
899 2013 943 2056 not
965 2010 1104 2073 drenohing,

162 2072 223 2128 dns‚'
241 2073 283 2119 the
298 2070 395 2130 reading
409 2070 437 2116 of
450 2070 561 2131 msnyos
574 2071 616 2117 the
647 2071 695 2117 like
710 2085 725 2118 a
740 2071 885 2132 hasvyrain.
918 2073 1000 2120 Cicero
1016 2074 1105 2124 ludin

161 2136 233 2184 MSS.
243 2152 250 2192 ς
266 2135 310 2182 but
320 2135 362 2182 the
369 2134 526 2180 contextisin
533 2133 616 2182 fureur
647 2133 684 2180 his
695 2148 800 2195 memory
811 2135 852 2181 tha
859 2135 935 2182 words
945 2136 973 2182 of
980 2136 1022 2183 the
1033 2137 1104 2198 Sym-

161 2200 189 2248 oi'
197 2197 306 2246 ‘motus’
647 2197 740 2256 posium
755 2195 783 2244 ci
796 2197 931 2258 Xenophon
944 2196 979 2260 (ii.
990 2197 1050 2262 26)·
1069 2201 1105 2258 ἣν

192 2260 348 2322 Macteleria]
382 2259 434 2306 The
454 2259 575 2320 president
590 2258 618 2306 oi
647 2257 672 2306 δὲ
691 2259 752 2320 ἡμῖν
769 2258 791 2306 ci
808 2259 896 2317 παῖδες
910 2263 1011 2323 μικραῖς
1022 2262 1104 2318 κύλιξι

161 2341 192 2372 sn
208 2325 391 2372 entertainmeut
406 2337 453 2370 ves
468 2320 615 2384 ‘musteum'
648 2321 732 2370 πυκνὰ
743 2320 941 2382 ἐπιψακάζωσιν,
953 2328 997 2371 διο.

160 2390 186 2436 in
213 2387 291 2436 Greek
318 2387 515 2450 συμποσίαρχος.
547 2385 616 2432 Allu-
678 2386 709 2432 Ia
732 2385 840 2447 Sabinu]
883 2387 930 2434 ‘ln
950 2387 993 2434 tha
1015 2387 1105 2436 Sabine

161 2453 224 2500 sicus
240 2457 266 2499 tc
279 2451 327 2498 this
343 2450 444 2511 practice
456 2463 496 2496 ere
506 2463 615 2496 common
647 2446 763 2508 souccy?
775 2448 852 2496 where
863 2448 943 2496 Cato's
958 2455 1033 2497 estete
1043 2467 1104 2507 was,

160 2516 186 2562 in
212 2516 254 2562 the
281 2515 375 2562 Βοιιιιιι
400 2513 490 2560 writers
517 2510 614 2574 (Horat.
647 2524 667 2556 c.
680 2513 703 2564 7.
729 2510 923 2574 Plumehoesto
933 2512 1019 2573 Major,
1032 2529 1053 2561 o.
1068 2514 1104 2577 l).

161 2577 240 2625 Germ.
252 2578 268 2624 i.
280 2576 315 2638 4).
341 2577 392 2624 The
399 2576 464 2623 word
475 2571 614 2634 ‘megistum'
679 2574 752 2620 mou
761 2578 848 2630 autem,
860 2575 915 2636 dre]
935 2575 960 2622 It
969 2576 990 2622 is
998 2582 1041 2624 not
1050 2592 1104 2624 cor·

159 2641 237 2687 which
255 2640 346 2686 follows
366 2636 489 2686 ‘summo'
508 2637 534 2684 iu
549 2651 615 2684 some
645 2641 696 2683 rect
706 2637 892 2684 torendorthis=
905 2643 920 2665 “
928 2639 1030 2699 nothing
1036 2641 1105 2701 gives

160 2703 242 2758 MSS..
264 2715 363 2762 appears
380 2705 406 2747 to
423 2700 453 2746 ba
468 2699 556 2759 merely
574 2699 615 2746 the
646 2712 728 2746 emen
738 2713 784 2760 any
795 2701 938 2760 psinwbicb
948 2701 979 2748 ha
990 2701 1047 2750 does
1059 2709 1106 2752 not

160 2765 265 2812 addition
276 2763 302 2810 cf
315 2777 381 2810 soma
394 2761 615 2823 copyistmadeby
645 2760 734 2808 wsnt.”
767 2761 848 2810 “Non
870 2767 907 2811 sat
927 2765 1056 2812 molestum
1078 2767 1105 2814 id

160 2842 211 2888 way
221 2827 248 2874 cl
261 2824 418 2885 explanation.
453 2824 490 2870 ‘A
505 2822 613 2870 summo’
645 2824 710 2884 quod
720 2824 916 2873 condesiderse”
924 2827 1104 2888 isgocdlmtin¹

160 2903 242 2936 means
251 2889 301 2934 him
309 2888 363 2936 who
373 2886 486 2947 occupied
493 2886 557 2933 what
566 2900 614 2934 was
645 2885 690 2933 but
705 2888 725 2934 it
741 2889 847 2936 cennius
863 2889 905 2937 tba
921 2890 1018 2938 distinct
1029 2907 1105 2954 negu-

161 2953 235 3000 caneo
250 2952 292 2998 the
309 2955 430 2996 ‘summus
447 2949 529 2996 locua'
562 2949 615 2996 The
645 2949 1025 3016 ticu‚“notwsntingsthing.”
1049 2955 1106 3006 Tha

162 3013 294 3074 ‘magister'
303 3013 380 3060 would
388 3026 488 3074 propcse
497 3027 513 3058 e
522 3011 615 3072 subject
646 3017 756 3060 sentence
769 3013 795 3059 in
805 3012 889 3062 Cicero
900 3017 921 3063 is
932 3018 1106 3078 apmdicstion

160 3078 197 3126 ior
213 3077 352 3133 dismssicn,
371 3076 418 3124 and
437 3076 489 3135 gira
507 3074 544 3122 his
560 3089 614 3122 own
645 3075 712 3122 osan
722 3075 882 3136 hypothetical
893 3085 1018 3128 sentence:
1036 3085 1106 3130 “no-

160 3141 258 3201 opiniou
288 3141 348 3186 first.
398 3138 542 3200 Philosophy
567 3139 614 3186 end
645 3138 714 3198 thing
729 3138 793 3198 gives
809 3154 824 3186 a
839 3155 895 3188 men
911 3157 958 3204 any
974 3143 1071 3192 trouble
1086 3144 1110 3192 if

160 3203 231 3252 drink
240 3217 302 3250 were
317 3203 435 3263 minglad3
451 3202 496 3250 but
510 3202 537 3250 in
546 3202 615 3249 order
646 3202 677 3250 be
694 3201 751 3248 dces
767 3206 810 3250 not
826 3203 873 3251 leel
888 3205 929 3251 tha
940 3206 1042 3254 wantos
1055 3206 1105 3256 ia'·

160 3267 214 3314 that
220 3266 361 3328 philosophy
370 3265 455 3313 should
462 3265 616 3312 notbacver·
648 3265 741 3314 autea
756 3265 847 3314 tumber
860 3282 892 3316 cn
902 3282 938 3314 we
948 3269 1008 3316 heve
1019 3285 1052 3316 an
1062 3285 1107 3318 sx-

161 3330 269 3390 powered
285 3329 405 3389 bydrink,
422 3329 464 3376 tha
480 3343 538 3390 cupa
552 3332 618 3381 must
648 3327 791 3390 ampleoia
806 3334 917 3378 matema
927 3331 984 3378 with
1000 3332 1042 3380 tha
1056 3337 1108 3382 two

161 3391 192 3440 be
207 3391 468 3450 malmissestere
482 3390 615 3450 ‘remotim'
635 3392 952 3456 'directprcpositicnsinit
962 3399 1109 3448 “noncuat
