2372 3758
127 174 185 228 124
501 171 690 230 LAELIUS.

124 324 216 384 nihilo
229 329 343 402 putent.
372 325 419 382 De
432 325 557 383 amicitia
567 345 667 384 omncs
681 325 717 383 ad
726 346 818 384 unum
828 326 905 384 idem
918 328 1061 402 sentiunt,

125 415 190 473 etii
203 415 253 491 qui
266 414 303 472 ad
315 434 376 472 rem
394 415 538 491 publicam
559 435 590 473 se
611 415 806 487 contulerunt,
821 421 852 473 ct
866 417 886 473 ii
900 418 950 493 qui
963 438 1062 477 rerum

124 504 290 580 cognitione
308 504 495 581 doctrinaque
517 505 706 576 delectantur,
720 511 750 563 et
768 505 852 582 iiqui
869 526 954 564 suum
973 527 1060 584 nego·

123 593 198 651 tium
212 599 319 670 gerunt
332 593 435 666 otiosi3
455 599 602 670 postremo
621 594 642 651 ii
656 595 706 671 qui
724 615 755 652 se
775 601 854 653 totos
875 597 1062 656 tradiderunt

123 685 330 762 voluptatibus,
355 685 418 743 sine
441 685 567 742 amicitia
589 685 679 742 vitam
703 705 766 743 esse
787 686 904 757 nullam,
926 687 952 744 si
975 687 1061 746 modo

123 775 213 832 velint
227 774 322 851 aliqua
335 795 370 832 ex
384 779 467 851 parte
484 774 642 833 liberaliter
654 775 757 834 vivere.
798 775 845 834 87.
867 777 964 854 Serpit
982 778 1061 836 enim

121 865 220 922 nescio
244 864 386 941 quomodo
413 884 465 941 per
487 864 616 922 omnium
639 864 713 922 vitas
740 865 873 936 amicitia,
894 885 950 924 nec
971 858 1061 925 ullam

123 954 227 1012 aetatis
255 953 401 1030 degendae
427 953 569 1012 rationem
601 954 714 1030 patitur
740 974 804 1012 esse
830 960 978 1031 expertem
1005 956 1060 1015 sui.

124 1044 205 1118 Quin
218 1044 306 1102 etiam
317 1043 416 1120 siquis
429 1043 585 1120 asperitate
599 1063 633 1102 ea
647 1049 691 1102 cst
705 1049 736 1102 et
748 1044 927 1102 immanitate
937 1050 1060 1104 naturae

123 1153 295 1210 congressus
309 1139 344 1192 ut
357 1133 506 1191 hominum
520 1133 615 1209 fugiat
629 1138 715 1210 atque
729 1133 830 1204 oderit,
842 1135 956 1211 qualem
969 1135 1061 1195 fuisse

122 1223 249 1282 Athenis
263 1224 413 1282 Timonem
432 1221 530 1280 neseio
549 1242 634 1299 quem
653 1223 823 1300 accepimus,
836 1229 937 1282 tamen
954 1225 979 1282 is
998 1226 1062 1303 pati

122 1333 183 1372 non
201 1313 295 1391 possit
314 1319 349 1371 ut
369 1333 430 1372 non
450 1312 583 1390 anquirat
603 1312 726 1388 aliquem
746 1314 823 1390 apud
839 1335 925 1391 quem
946 1321 1061 1373 evomat

122 1403 201 1461 virus
215 1403 380 1461 acerbitatis
400 1421 477 1460 suae.
517 1402 617 1478 Atque
634 1402 687 1460 hoc
700 1403 822 1461 maxime
831 1404 1020 1481 judicaretur,
1035 1405 1062 1463 si

123 1493 193 1570 quid
212 1493 271 1551 tale
290 1498 390 1570 posset
410 1491 577 1567 contingere
596 1497 632 1550 ut
651 1492 753 1569 aliquis
773 1512 827 1550 nos
846 1493 929 1551 Deus
950 1513 986 1552 ex
1005 1495 1061 1554 hec

123 1583 273 1642 hominum
286 1581 449 1658 frequentia
461 1582 578 1640 tolleret
592 1587 622 1639 et
636 1581 668 1639 in
681 1582 837 1640 solitudine
847 1583 960 1660 uspiam
973 1585 1060 1642 eollo-

123 1679 210 1746 caret,
225 1678 312 1750 atque
331 1672 374 1730 ibi
394 1672 582 1748 suppeditans
602 1671 731 1730 omnium
750 1692 935 1749 rerumquae
953 1679 1061 1733 natura

123 1764 267 1822 desiderat
280 1763 488 1820 abundantiam
501 1767 531 1820 et
545 1761 656 1838 copiam
668 1761 793 1820 hominis
807 1762 924 1820 omnino
938 1763 1060 1840 adspici-

122 1853 190 1912 endi
202 1858 379 1930 potestatem
393 1852 525 1930 eriperet.
561 1853 635 1926 Quis
648 1857 707 1910 tam
719 1857 796 1910 esset
809 1852 920 1912 ferreus
931 1854 982 1930 qui
996 1873 1061 1912 eam

121 1943 211 2001 vitam
225 1942 302 2000 ferre
320 1947 427 2018 posset,
441 1942 545 2018 cuique
564 1963 625 2001 non
643 1942 769 2001 auferret
786 1942 916 2001 fructum
928 1944 1060 2022 volupta-

120 2039 186 2091 tum
205 2032 333 2091 0mniurn
354 2032 506 2091 solitudo?
547 2037 594 2092 88.
615 2035 727 2092 Verum
745 2052 813 2108 ergo
832 2033 905 2090 illud
922 2033 1063 2110 estquod

121 2122 306 2182 aTarentino
316 2121 456 2201 Archyta,
466 2128 502 2180 ut
515 2122 625 2201 opinor,
635 2122 691 2181 dici
705 2121 830 2195 solitum,
844 2127 961 2182 nestros
975 2143 1061 2183 senes

154 2327 275 2388 Nullam]
319 2325 390 2374 Some
415 2324 488 2372 MSS.
515 2325 575 2372 have
606 2325 667 2380 niue,
679 2339 699 2371 c.
712 2325 750 2381 70,
762 2325 807 2370 and
819 2323 871 2370 Life
882 2323 909 2371 01
917 2323 1062 2384 Alcibiades,

123 2388 574 2447 ‘sentiuntnullam,’andothers‘nul-
607 2388 699 2450 016).
732 2388 876 2448 Shakspeare
898 2387 941 2434 has
962 2390 1062 2449 painted

121 2455 169 2501 lam
192 2455 298 2502 sentiunt
307 2453 321 2510 3'
347 2453 424 2500 where
445 2449 574 2497 ‘sentiunt'
606 2451 648 2496 the
665 2451 783 2496 character
798 2449 935 2497 wellinhis
951 2452 1062 2500 “Timon

121 2533 220 2578 appears
230 2523 255 2565 to
266 2517 296 2564 be
307 2532 337 2563 an
348 2514 519 2575 interpolation.
606 2513 633 2559 01
640 2513 757 2560 Athene.”

153 2581 311 2640 Liberaliter]
357 2578 468 2638 Properly
494 2589 575 2622 means
638 2576 687 2636 Iti]
724 2572 936 2632 ‘Ibi’isadntiva
944 2591 972 2623 01
981 2577 1063 2624 rather

121 2643 170 2689 like
193 2644 257 2690 ‘free
278 2641 397 2703 persons3’
420 2641 501 2694 hence,
518 2639 575 2685 with
607 2653 621 2684 a
637 2638 727 2685 caseos
739 2638 841 2697 locality,
860 2653 886 2684 aa
905 2637 1061 2701 Ι1111ἰ’(011111)

121 2701 575 2814 111111
606 2699 1065 2824 seruam:

122 2843 196 2885 sense,
209 2845 234 2876 as
246 2829 349 2890 opposed
360 2833 385 2874 to
397 2825 516 2874 ‘servilia'
606 2841 692 2888 person
702 2841 729 2872 01
739 2827 808 2886 thing
822 2795 964 2872 hrentioned.

153 2892 292 2951 Asperitate
311 2891 350 2950 ea]
385 2889 460 2936 Orelli
476 2888 519 2935 has
535 2892 576 2936 ‘ea
638 2889 752 2950 Ferreae]
787 2888 833 2934 We
843 2889 903 2934 need
911 2893 1065 2950 notenppoee

121 2953 263 3014 asperitate!
280 2953 331 2999 1110
341 2965 425 2998 reason
435 2951 472 2997 101
482 2952 576 3012 placing
607 2951 660 2998 that
671 2952 752 2999 Cicero
762 2951 864 3010 thought
874 2951 927 2998 that
937 2951 1005 2998 there
1015 2967 1065 3002 was

122 3013 269 3076 ‘asperitate'
296 3015 348 3061 first
374 3029 429 3074 may
450 3013 480 3060 be
504 3015 576 3074 easily
607 3028 654 3074 any
675 3013 836 3075 etymological
851 3013 1008 3123 relationehip
1022 3015 1065 3064 be.

122 3091 185 3124 seen.
607 3075 975 3132 tweeu‘lerreue’and‘ierre3’
1010 3083 1038 3126 ut
1046 3081 1068 3128 it

156 3140 276 3186 aimonem
288 3138 454 3197 nescioquem]
489 3136 575 3184 Aeon-
607 3139 628 3184 ts
639 3139 703 3198 plain
714 3140 767 3185 that
776 3139 806 3185 he
817 3138 859 3184 hae
874 3139 943 3185 made
953 3139 1019 3187 what
1030 3156 1069 3189 we

120 3204 258 3262 temptuous
279 3214 306 3245 or
325 3199 459 3244 indifferent
479 3213 531 3258 way
551 3199 579 3246 01
607 3201 652 3246 call
668 3216 683 3246 a
692 3201 747 3262 play
759 3216 791 3247 on
801 3200 842 3247 the
852 3201 937 3258 words,
947 3216 962 3247 a
972 3205 1070 3264 cample

121 3263 241 3324 speaking,
255 3266 316 3307 ‘one
326 3260 429 3306 Timon!
448 3261 500 3306 The
510 3265 576 3322 story
607 3262 635 3308 01
647 3262 694 3308 bad
712 3267 773 3309 taeta
787 3266 831 3310 not
845 3276 991 3312 uncomnron
1007 3267 1071 3316 with

120 3325 148 3372 01
171 3325 219 3372 this
245 3324 331 3370 ’11111011
357 3323 378 3368 is
404 3323 462 3378 told,
490 3337 576 3383 among
606 3324 664 3370 him.

120 3387 208 3444 others,
220 3386 252 3447 by
263 3383 373 3432 Plutarch
385 3383 448 3444 (Life
459 3383 486 3430 01
497 3384 574 3431 Anto-
641 3387 770 3434 stratam
792 3387 927 3448 Archyta]
970 3388 1074 3442 SeeDe
