2372 3758
429 153 519 214 OAP.
539 154 631 214 VIII.
652 153 710 211 IX.
999 153 1038 208 91

101 301 214 366 vidimus
233 312 361 388 quodam
387 309 478 368 modo
501 308 662 385 diligamus.
704 307 778 381 Quis
798 311 844 365 est
866 306 916 384 qui
936 307 969 365 Ο.
984 305 1038 364 Fa·

103 392 184 467 bricii,
196 398 350 461 M’.Ou1·ii
364 420 433 459 non
453 417 519 457 cum
539 399 661 456 caritate
680 398 776 474 aliqua
794 402 825 455 et
837 397 1039 456 benevolentia

104 489 257 549 memoriam
268 497 411 570 usurpet,
427 508 500 565 quos
519 507 669 566 nunquam
681 486 810 546 viderit?
852 487 926 561 Quis
940 493 1039 546 autem

106 579 146 632 est
157 577 203 654 qui
213 579 411 659 Tarquinium
427 579 598 656 Superbum,
613 578 663 654 qui
679 579 728 655 sp.
742 577 883 650 Cassium,
898 577 946 655 sp.
956 578 1038 637 Mae·

107 661 168 722 lium
188 688 247 728 non
266 669 396 730 oderit?
440 668 515 726 Cum
535 667 648 727 dnobus
670 668 792 726 ducibus
813 668 849 726 de
869 667 989 744 imperio
1006 669 1039 728 in

107 750 184 814 Italia
205 759 390 820 decertatum
414 762 470 830 eet,
494 759 606 834 Pyrrho
629 763 660 816 et
680 757 836 817 Annibale.
875 758 924 816 Ab
947 759 1038 817 altero

16 851 22 874 ¹
108 852 214 923 propter
231 852 412 928 probitatem
434 847 496 925 ejus
514 867 576 906 non
595 848 681 907 nimis
701 848 809 906 alienos
829 847 940 906 animoa
953 848 1038 906 hebe-

109 951 181 1007 mus3
200 940 322 1000 alterum
342 942 471 1018 propter
489 937 689 998 crudelitatem
714 957 827 1016 semper
846 938 917 996 haec
937 937 1039 998 civitae

109 1024 191 1086 ederit

142 1029 258 1180 [Ilia
281 1118 376 1194 Quod
390 1117 418 1176 si
434 1121 518 1180 tanta
530 1117 573 1176 vie
593 1117 747 1195 probitatis
765 1123 812 1176 est
824 1123 860 1176 ut
873 1137 936 1176 eam
949 1119 995 1177 vel
1007 1118 1039 1176 in

108 1204 144 1264 eis
156 1229 223 1285 quos
242 1227 399 1288 nunquam
412 1206 544 1279 vidimus,
555 1208 609 1279 vel,
623 1208 701 1285 quod
719 1209 813 1288 majus
835 1213 889 1281 est,
903 1208 936 1266 in
954 1209 1039 1267 hoste

108 1295 185 1356 etiam
199 1299 362 1378 diligamus,
378 1296 450 1375 quid
463 1297 566 1356 mirum
581 1303 627 1356 est
640 1299 665 1356 ai
677 1299 766 1356 animi
779 1299 930 1358 hominum
944 1319 1039 1357 move·

107 1391 193 1462 antur,
202 1399 293 1468 q'uum
306 1407 412 1448 eorum
423 1387 592 1464 quibuscum
606 1408 662 1446 usu
676 1389 825 1467 conjuncti
838 1409 901 1447 esse
915 1396 1039 1467 possunt

107 1475 234 1539 virtutem
249 1485 280 1540 et
294 1479 462 1539 bonitatem
474 1478 636 1555 perspicere
644 1478 822 1538 videantur?
857 1479 1039 1557 Quamquam

105 1571 285 1632 confirmatur
299 1589 383 1630 amor
397 1574 428 1627 et
441 1569 580 1629 beneficio
598 1576 715 1648 accepto
733 1575 763 1630 et
776 1571 874 1630 stridio
887 1577 1039 1649 perspecto

105 1664 132 1716 et
142 1663 355 1722 consuetudine
369 1659 506 1738 adjuncta
517 1684 524 1731 ;
544 1660 649 1738 quibus
666 1663 754 1720 rebus
767 1661 805 1720 ad
817 1661 900 1720 illum
913 1662 1039 1739 primum

104 1756 209 1811 motum
222 1752 314 1812 animi
328 1757 360 1809 et
374 1750 479 1808 amoris
495 1750 631 1809 adhibitis
650 1752 825 1810 admirabilis
839 1752 978 1829 quaedam
992 1772 1039 1811 ex·

104 1841 222 1902 ardescit
234 1839 458 1902 benevolentiae
472 1841 657 1917 magnitudo:
677 1862 763 1920 quam
781 1842 806 1900 si
819 1843 869 1919 qui
882 1848 990 1920 putant
1003 1843 1039 1902 ab

102 1931 296 1994 imbecillitate
316 1931 469 2010 proficisci,
487 1937 521 1990 ut
541 1931 580 1989 sit
599 1951 651 2010 per
668 1953 755 2010 quem
775 1938 946 2010 assequamur
963 1934 1040 2010 quod

102 2025 219 2104 quisque
241 2023 398 2094 desideret,
420 2022 558 2080 humilem
583 2042 651 2081 eane
671 2024 842 2100 relinquunt
866 2029 898 2084 et
921 2026 1040 2084 minime

134 2185 240 2232 Caritate
256 2186 348 2244 aliqua,
364 2181 421 2242 ten]
456 2182 555 2268 Seyffert
587 2185 673 2237 cibis
686 2184 799 2231 intended
814 2185 926 2231 tcaffirm
942 2184 1041 2232 thefect

99 2233 189 2294 reads
188 2249 298 2294 ‘caritate
320 2247 400 2306 aliqua
424 2243 553 2302 benevola?
587 2246 614 2293 of
629 2253 672 2294 not
688 2248 775 2308 having
791 2262 853 2304 seen,
871 2247 909 2294 for
924 2247 965 2294 the
979 2248 1040 2295 form

100 2311 175 2356 vvhieh
185 2311 217 2356 he
228 2325 280 2372 says
291 2325 312 2356 is
320 2309 363 2354 the
373 2308 470 2368 reading
479 2309 594 2354 nithe
603 2323 643 2356 eos
653 2309 785 2372 quos'.&c
797 2280 933 2356 indiffinite.

100 2371 234 2420 benMsn
267 2372 368 2431 Madvig
383 2371 451 2418 hes‘
460 2372 555 2418 caritate
619 2373 724 2432 Pyrrhe,
741 2372 796 2433 ac]
832 2373 884 2420 The
895 2374 1000 2420 llnmans
1016 2374 1043 2421 of

99 2436 177 2497 aliqua
187 2433 383 2482 benevolentiae!
587 2433 688 2482 ciceron
700 2437 759 2482 time
775 2437 866 2483 treated
879 2437 920 2482 the
936 2451 1041 2498 memory

135 2501 332 2558 Quanquam
344 2497 463 2558 atderitt]
497 2496 556 2543 'l'his
587 2497 615 2543 of
631 2499 679 2546 this
705 2497 863 2544 adventamus
884 2499 943 2558 king
964 2499 1041 2547 better

100 2561 156 2608 dues
171 2567 214 2607 not
231 2564 323 2606 mean‘
326 2559 420 2605 whom
438 2559 469 2606 he
484 2573 556 2606 never
587 2561 644 2608 than
659 2563 714 2608 that
729 2561 757 2607 oi
771 2561 884 2617 Annibal
899 2561 977 2622 partly
986 2577 1040 2622 per

99 2639 162 2671 saw:
164 2623 217 2670 ”it
232 2627 333 2669 means‘
336 2623 513 2682 ‘thoughorif
525 2623 556 2668 he
587 2623 646 2684 haps
661 2625 762 2671 because
777 2625 818 2670 the
832 2595 1044 2674 reniembranceot

99 2701 171 2734 never
186 2701 234 2733 sav
244 2683 338 2732 them
372 2685 397 2732 It
412 2687 499 2732 affirma
511 2699 555 2731 no
587 2685 637 2733 him
647 2702 694 2733 vves
705 2687 866 2733 notsofresh
895 2687 962 2748 They
972 2689 1041 2736 could

99 2750 167 2810 thing
183 2764 210 2796 aa
226 2753 253 2795 tn
272 2749 397 2807 accingor
413 2753 456 2795 not
469 2749 556 2808 seelug.
587 2755 630 2796 not
640 2751 717 2810 terget
727 2749 790 2795 what
802 2750 859 2810 they
870 2750 969 2797 anffmed
980 2752 1041 2798 from

100 2812 174 2860 What
183 2814 226 2858 the
236 2813 289 2858 first
297 2817 351 2872 art
359 2811 387 2856 ot
394 2811 436 2858 the
446 2816 557 2858 sentence
588 2813 699 2859 Annibal
740 2812 779 2858 An
797 2813 903 2858 instance
922 2813 950 2860 os
965 2813 1041 2860 Anni-

100 2876 212 2924 ὤιίιιεΙ
205 2889 226 2920 rs
246 2880 300 2921 true
297 2826 345 2919 pol
360 2873 427 2920 those
441 2875 495 2921 who
510 2875 557 2920 had
588 2875 648 2923 bal's
659 2876 828 2936 generositytc
844 2891 858 2921 a
873 2869 945 2922 fallen
957 2891 1042 2938 enemy

100 2938 256 2986 nensswell
272 2951 298 2982 as
311 2937 381 2983 those
391 2937 556 2984 whohadnot
587 2938 608 2986 is
630 2937 719 2986 cited
712 2953 738 2982 ιιι
759 2937 801 2984 the
821 2942 898 2994 notes,
926 2939 964 2985 De
986 2939 1041 2986 Seu.

100 3015 156 3050 seen
170 3002 239 3048 these
255 3005 382 3046 twomen
413 2994 556 3046 'I'hcclause
588 3005 659 3048 c..20

101 3061 309 3126 ‘'quoe-viderit
327 3062 348 3108 is
368 3077 384 3109 a
401 3063 555 3123 subjunctive,
620 3067 644 3112 9.
660 3063 786 3121 ncejaacti
794 3077 842 3108 ecee
846 3063 959 3124 poemat]
974 3063 1043 3110 ⁸-Pcs

100 3127 200 3175 tecam
216 3127 259 3172 the
276 3125 337 3171 torm
348 3125 375 3172 ct
387 3125 429 3172 the
440 3131 557 3181 sentence
590 3125 645 3172 sint’
654 3126 696 3172 the
704 3124 800 3184 reading
810 3125 838 3170 cl
849 3139 913 3171 some
923 3125 996 3173 Mss
1030 3125 1042 3171 1

101 3189 237 3252 ἠιιὶιιιιιτ,Ι
248 3189 301 3243 δια,
311 3187 559 3236 shovsthntadirect
589 3203 643 3235 ιιοιι
664 3187 733 3233 think
752 3187 805 3234 that
824 3186 949 3246 ''possunt
967 3188 988 3234 is
1002 3187 1043 3232 the

98 3251 270 3300 affirmatiou'
262 3263 284 3295 n
298 3255 342 3296 not
355 3251 474 3298 intended.
507 3250 559 3296 The
589 3255 643 3297 true
668 3248 773 3306 reading,
800 3249 877 3296 which
899 3249 974 3296 Orelli
995 3245 1044 3294 and

98 3317 239 3387 expreemon
255 3313 369 3368 inc.8,‘
378 3327 555 3374 eoequosnun-
590 3313 691 3372 Seyffert
701 3309 769 3354 have.

98 3393 174 3440 qnam
191 3372 312 3432 vidImusss
331 3345 378 3422 alid
396 3375 438 3422 tha
455 3387 519 3421 same
533 3373 559 3418 in
