2362 3756
195 211 235 266 24
525 205 633 265 CATO
654 205 809 264 MAJOB.

197 368 332 422 senectus
352 381 413 421 non
433 361 518 420 modo
538 361 675 439 languida
695 366 783 439 atque
796 361 875 419 iners
893 379 955 418 non
975 359 1131 432 sitieram

195 456 283 514 etiam
311 455 350 512 sit
373 473 498 531 operosa.
513 458 547 512 et
572 473 685 532 semper
708 473 797 530 agens
820 452 929 529 aliquid
951 456 982 510 et
1005 451 1132 522 moliens,

72 532 98 577 ’Ἃ
195 546 253 604 tale
269 545 379 604 scilicet
392 545 476 622 quale
490 545 632 622 cujusque
646 544 777 602 studium
789 543 821 600 in
835 542 984 620 superiore
997 541 1057 600 rita
1069 542 1132 600 fuit.

197 636 284 709 Quid,
300 635 350 714 qui
367 636 455 694 etiam
477 635 632 694 addiscunt
650 633 781 712 aliquid?
802 638 836 691 ut
857 632 993 690 Solonem
1005 631 1133 690 versibus

196 727 367 802 gloriantem
387 725 526 797 videmus,
540 725 590 802 qui
613 745 644 783 se
662 724 792 801 quotidie
812 723 920 800 aliquid
940 722 1134 784 addiscentem

196 816 266 875 dicit
280 835 377 874 senem
396 814 476 872 fieri:
498 820 533 872 ut
554 835 607 891 ego
627 815 684 874 feci
702 815 753 893 qui
768 814 893 872 Graecas
914 813 1029 872 litteras
1050 833 1135 871 senex

196 907 290 978 didici,
316 926 386 983 quas
408 905 524 982 quidem
551 905 592 963 sic
616 905 696 970 avide
721 903 838 981 arripui,
862 903 945 980 quasi
968 902 1134 962 diuhrrnam

197 998 275 1056 sitim
289 997 402 1074 explere
416 995 545 1072 cupiens,
559 1000 594 1054 ut
611 973 722 1084 θεῶν.
741 994 811 1052 mihi
829 999 901 1051 nota
919 998 1018 1052 essent
1031 993 1135 1070 quibus

36 1111 38 1118 ’
74 1078 98 1162 ἶ,
126 1066 153 1120 5⁹
195 1108 242 1146 me
264 1107 343 1145 nunc
367 1085 505 1163 exemplis
524 1085 571 1144 uti
589 1085 702 1144 videtis.
744 1083 832 1158 Quod
851 1103 940 1160 quum
960 1082 1065 1141 fecisse
1087 1085 1135 1142 So-

197 1182 305 1236 cratem
326 1177 358 1234 in
378 1177 485 1236 fidibus
506 1175 644 1246 audirem,
663 1175 767 1260 vellem
787 1169 920 1250 equidem
945 1173 1034 1232 etiam
1055 1173 1135 1245 illud,

197 1268 345 1326 discebant
379 1267 457 1326 enim
488 1267 594 1325 fidibus
627 1265 747 1343 antiqui,
781 1263 833 1324 sed
865 1264 898 1322 in
925 1263 1034 1322 litteris
1058 1271 1135 1324 certe

197 1358 348 1417 elaboravi.

236 1451 295 1508 IX.
318 1449 365 1510 27.
387 1449 452 1509 Nec
464 1469 544 1508 nunc
563 1447 679 1526 quidem
694 1447 769 1506 vires
790 1446 921 1505 desidem
934 1445 1136 1518 adolescentis,

196 1539 221 1598 is
233 1541 312 1598 enim
323 1545 387 1600 erat
397 1541 478 1599 locus
489 1541 563 1599 alter
574 1539 609 1598 de
622 1538 700 1596 vitiis
715 1537 884 1610 senectutis,
898 1557 959 1595 non
971 1537 1038 1614 plus
1050 1557 1136 1614 quam

186 1631 363 1704 ¹adolescens
376 1632 455 1690 tauri
469 1637 520 1689 aut
534 1629 680 1706 elephanti
691 1628 897 1687 desiderabam.
940 1628 1027 1701 Quod
1041 1634 1088 1686 est
1102 1648 1136 1686 eo

198 1721 281 1780 decet
302 1722 365 1780 uti:
397 1727 427 1779 et
452 1721 591 1798 quidquid
614 1739 682 1796 agas
707 1739 791 1795 agere
814 1739 868 1797 pro
891 1717 1010 1778 viribus.
1053 1719 1137 1793 Quae

196 1812 273 1870 enim
293 1831 348 1870 vox
368 1817 467 1888 potest
487 1831 551 1869 esse
571 1810 766 1887 contemptior
782 1829 870 1887 quam
886 1809 1009 1867 Milonis
1031 1808 1136 1868 Croto·

195 1903 316 1960 niatael
338 1902 395 1979 qui,
410 1922 499 1978 quum
515 1902 575 1980 jam
595 1921 682 1959 senex
701 1905 779 1958 esset
798 1899 979 1976 athletasque
1001 1919 1033 1958 se
1054 1919 1135 1958 exer·

196 1999 295 2051 centes
306 1991 338 2050 in
348 1993 490 2051 curriculo
500 1992 619 2063 videret,
630 1989 794 2069 adspexisse
808 1991 931 2049 lacertos
949 2009 1018 2048 suos
1029 1989 1140 2049 dicitur

195 2118 214 2164 is
233 2116 275 2165 the
293 2115 384 2176 subject
402 2115 430 2164 of
443 2116 485 2164 the
503 2115 647 2178 predication
710 2117 734 2162 9.
756 2114 848 2174 Locro]
893 2112 994 2160 ‘Iocus'
1017 2128 1102 2162 means
1124 2129 1140 2162 a

197 2179 311 2227 ‘videtis'
678 2177 750 2237 topic,
770 2191 798 2224 or
814 2181 901 2224 matter
918 2176 946 2222 os
965 2177 1095 2234 diaoomse,
1113 2179 1140 2224 in

226 2243 329 2303 Aliquid
339 2243 505 2298 addiscentem,
518 2244 574 2301 δια]
595 2242 648 2289 The
680 2241 758 2288 Greek
785 2238 870 2296 τόπος.
908 2239 993 2288 “Cum
1021 2243 1140 2301 pervasti

195 2307 270 2354 words
281 2306 308 2352 of
322 2306 393 2354 Solon
407 2322 447 2354 are
461 2305 591 2370 (Plutarch,
604 2305 648 2352 So·
680 2318 734 2363 gare
742 2309 907 2364 argumentum
914 2303 1140 2364 aliquodrolumus‚

194 2369 347 2434 1011,0,31)2
679 2366 742 2412 locos
760 2381 834 2413 nosse
854 2367 982 2414 debemus=
1010 2367 1045 2414 sie
1073 2369 1140 2415 euim

680 2429 810 2490 appellatae
824 2430 854 2476 ab
872 2430 1000 2477 Aristotele
1017 2435 1076 2478 sunt
1094 2432 1142 2478 hae

679 2493 746 2554 quasi
768 2493 834 2540 sedes
856 2493 974 2554 equibus
995 2501 1142 2554 argumenta

678 2555 843 2616 promuntur.”
877 2554 1010 2618 (Oia'l'op.
1023 2555 1060 2619 2.)

232 2621 319 2666 Vellem
341 2620 448 2680 equidem
470 2620 541 2666 etiam
562 2617 645 2678 illua]
715 2619 784 2674 Quod
794 2624 837 2675 eat,
849 2619 906 2680 hc]
940 2619 999 2666 This
1016 2619 1143 2682 nagood

195 2683 231 2728 “I
250 2683 309 2728 wish
326 2682 339 2728 1
358 2682 427 2728 oould
445 2681 504 2728 hare
521 2681 582 2726 done
594 2681 648 2727 that
678 2683 897 2742 exampletoshow
907 2682 948 2728 the
957 2683 1086 2730 differenoe
1097 2685 1141 2731 be-

193 2743 259 2791 too.”
291 2745 349 2790 This
367 2745 387 2790 is
404 2750 457 2804 part
471 2743 498 2789 of
511 2758 525 2788 a
538 2748 647 2790 sentence
678 2745 806 2792 tuaenthe
823 2746 947 2792 indicative
962 2746 1010 2792 and
1025 2746 1141 2794 thesub-

193 2809 218 2854 in
229 2807 306 2853 which
315 2807 357 2852 the
369 2807 488 2852 condition
500 2806 551 2862 ‘si'
564 2805 615 2862 ‘ise'
626 2807 646 2852 is
675 2808 794 2868 jurative:
823 2808 910 2855 “what
925 2823 973 2869 you
994 2809 1064 2866 have,
1085 2810 1143 2858 that

194 2870 342 2930 suppressed.
360 2869 465 2914 ‘Vellem
472 2867 588 2929 equidem’
597 2867 646 2931 (De
677 2885 725 2931 you
735 2871 820 2918 should
831 2886 886 2928 use;
902 2871 949 2918 aud
959 2871 1080 2920 whatever
1091 2888 1143 2934 you

195 2933 248 2980 Seu.
270 2931 320 2994 lo).
360 2931 474 2992 Compare
490 2933 531 2978 the
548 2947 646 2992 passage
677 2948 717 2980 are
738 2934 817 2994 doing,
835 2934 865 2980 do
884 2935 904 2980 it
921 2935 979 2982 with
999 2950 1063 2996 your
1084 2936 1143 2984 best

193 2997 218 3042 in
242 2995 283 3041 the
309 2995 379 3040 letter
405 2995 442 3042 Ad
471 2995 501 3047 Q.
533 2995 571 3042 Fr·
602 2998 645 3043 12:
678 2996 784 3042 efforts.”
816 2997 869 3044 Tha
891 2999 943 3044 first
966 3003 1022 3058 part
1045 2998 1075 3046 of
1097 3000 1143 3046 the

194 3059 366 3118 “Quamquam
376 3058 401 3104 in
413 3059 450 3104 his
460 3058 544 3105 litteris
555 3058 647 3118 longior
678 3064 788 3106 sentence
806 3061 914 3107 contains
932 3075 964 3107 an
982 3063 1141 3118 affirmatus.

192 3121 227 3167 lui
242 3137 311 3182 quam
328 3125 370 3166 aut
379 3121 464 3168 vellem
474 3125 515 3168 aut
526 3137 597 3183 quam
608 3136 646 3168 me
679 3123 756 3184 ‘quod
767 3123 819 3170 esa'
854 3123 991 3184 ‘Quidquid
1002 3125 1069 3184 agas'
1081 3141 1142 3172 con·

192 3185 273 3244 putari
284 3182 359 3230 fore.''
677 3185 738 3232 taius
756 3201 787 3232 uo
804 3186 877 3233 direct
891 3187 1042 3244 affirmatur.
1056 3188 1104 3235 but
1120 3190 1143 3236 is

224 3246 483 3307 Discedunt-fidibus]
525 3246 646 3294 ‘Learned
677 3248 718 3294 the
729 3247 820 3307 subject
836 3249 864 3296 of
877 3249 953 3296 which
966 3250 1145 3312 ispredioated

191 3309 349 3369 teplayoua
363 3309 467 3368 stringed
485 3309 642 3357 instrument!
677 3315 814 3370 ‘agerepro
824 3311 1008 3360 viribusdecet!
1045 3314 1073 3362 It
1084 3331 1145 3378 may

191 3370 267 3418 Tbere
277 3371 298 3417 is
308 3371 357 3418 also
368 3371 409 3418 the
423 3374 557 3432 expression
569 3373 643 3420 '‘fidi-
675 3373 705 3419 be
715 3374 836 3429 rendered,
855 3379 870 3402 “
880 3375 902 3421 if
914 3389 962 3434 you
977 3375 1009 3422 do
1026 3391 1042 3424 a
1059 3379 1145 3442 thing,

190 3434 235 3485 bus
246 3448 336 3491 carme,
348 3435 438 3492 dooere,
450 3435 532 3484 aareJ’
675 3436 1007 3499 deitasuellaayoueau.”

228 2464 343 2528 γηράσκω
356 2464 375 2512 δ’
388 2463 434 2512 ata
445 2464 530 2514 πολλὰ
542 2461 609 2512 dedu.

291 2531 416 2592 σινόμενος.
