2372 3758
131 165 189 219 100
503 160 691 218 LAELIUS.

130 315 166 374 ab
184 314 282 373 amicis
301 315 423 374 honesta
442 319 584 392 petamus,
598 314 755 373 amicorum
774 332 860 372 causa
880 313 1003 372 honesta
1020 313 1058 373 fa·

130 404 255 475 eiamns3
274 423 313 462 ne
330 409 530 481 exspectemus
544 404 660 482 quidem
674 405 743 462 dum
762 424 912 480 rogemur3
933 404 1059 463 studium

131 513 243 570 semper
256 493 340 565 adsit,
354 493 501 552 cunctatio
517 493 612 552 absit:
633 493 785 552 consilium
798 513 865 552 vero
879 493 947 552 dare
961 493 1059 552 audea-

130 603 194 640 mus
207 583 313 653 libere;
333 583 490 660 plurimum
502 583 535 641 in
548 582 674 641 amicitia
686 583 841 641 amicorum
854 583 929 642 bene
943 583 1059 642 suaden-

129 673 205 731 tium
217 673 310 731 valeat
323 673 489 744 auctoritas,
503 692 593 748 eaque
611 678 642 730 et
655 673 826 731 adhibeatur
839 673 876 730 ad
888 673 1060 731 monendum

129 783 190 822 non
209 762 294 821 modo
316 767 414 839 aperte
436 762 487 820 sed
508 762 596 820 etiam
612 762 724 833 acriter,
739 763 765 820 si
783 781 830 820 res
850 762 1017 839 postulabit,
1031 768 1060 821 et

130 851 274 910 adhibitae
300 856 443 928 pareatur.
494 854 543 908 45.
572 851 650 910 Nam
676 851 856 928 quibusdam,
879 871 951 928 quos
978 853 1060 910 audio

131 941 275 1018 rapientes
296 941 410 998 habitos
432 940 465 998 in
484 940 613 1012 Graecia,
633 941 777 1018 placuisse
799 941 901 1018 opinor
923 941 1061 1000 mirabilia

130 1031 284 1108 quaedam:
307 1031 358 1089 sed
378 1031 451 1088 nihil
472 1031 614 1107 estquod
633 1031 677 1088 illi
697 1051 759 1089 non
779 1036 990 1108 persequantur
1003 1032 1060 1092 suis

130 1121 267 1197 argutiis:
281 1121 388 1198 partim
397 1120 549 1196 fugiendas
560 1140 623 1179 esse
633 1121 737 1178 nimias
748 1121 888 1179 amicitias
897 1141 935 1179 ne
945 1141 1060 1180 necesse

129 1210 168 1271 sit
182 1231 274 1269 unum
288 1211 443 1269 sollicitum
456 1229 519 1268 esse
532 1230 584 1287 pro
597 1210 745 1288 pluribus:
760 1211 830 1268 satis
845 1231 987 1288 superque
1000 1231 1062 1270 esse

130 1321 248 1362 suarum
271 1301 374 1378 cuique
395 1320 501 1372 rerum,
518 1300 618 1359 alienis
639 1299 726 1358 nimis
749 1300 891 1378 implicari
912 1301 1062 1360 molestum

130 1411 194 1451 esse
202 1417 209 1464 ;
225 1391 485 1450 commodissimum
494 1409 556 1450 esse
565 1411 650 1467 quam
658 1390 816 1448 laxissimas
824 1391 950 1450 habenas
958 1392 1063 1453 habere

129 1482 280 1552 amicitiae,
294 1501 365 1558 quas
378 1481 424 1539 vel
437 1480 560 1538 adducas
575 1500 664 1557 quum
677 1479 747 1538 velis
757 1480 803 1538 vel
815 1481 963 1553 remittas;
977 1489 1063 1560 eaput

129 1572 207 1630 enim
231 1591 294 1630 esse
315 1571 352 1628 ad
373 1571 457 1628 beate
470 1569 625 1628 vivendum
647 1569 832 1628 securitatem
850 1589 906 1648 qua
926 1570 986 1629 frui
1004 1592 1063 1632 non

129 1661 222 1738 possit
238 1661 360 1730 animus,
375 1660 399 1718 si
420 1664 567 1736 tamquam
587 1659 731 1736 parturiat
750 1679 828 1718 unus
850 1680 903 1738 pro
923 1661 1062 1738 pluribus.

129 1759 177 1814 46.
198 1754 281 1812 Alios
306 1757 404 1810 autem
425 1751 519 1811 dicere
543 1753 627 1811 aiunt
648 1753 740 1811 multo
760 1753 847 1811 etiam
869 1753 1063 1828 inhumanius,

9 1824 15 1832 .
105 1824 125 1894 ἰ’
130 1865 216 1922 quem
228 1832 325 1902 loc⁸um
337 1842 463 1901 breviter
472 1843 630 1930 perstrinxi
642 1843 739 1920 paullo
750 1848 826 1917 ante,
837 1843 973 1920 praesidii
985 1844 1064 1922 adju·

130 1933 278 2010 mentique
291 1952 385 2004 causa,
398 1952 459 1990 non
472 1933 689 1992 benevolentiae
709 1953 804 2010 neque
818 1933 956 2006 caritatis,
970 1935 1065 1994 amici-

130 2023 186 2082 tias
198 2043 260 2081 esse
271 2023 460 2100 expetendas;
474 2022 572 2100 itaque
582 2028 617 2081 ut
627 2023 748 2101 quisque
758 2022 910 2081 minimum
919 2023 1067 2084 firmitatis

130 2114 235 2172 habeat
246 2113 454 2190 minimumque
461 2113 574 2186 virium,
582 2113 624 2171 ita
633 2111 773 2172 amicitias
783 2118 918 2191 appetere
927 2114 1066 2174 maxime:

164 2241 514 2306 13.13arttmfirytendaa,&o.]
530 2241 583 2289 The
649 2241 736 2302 Caput]
772 2241 853 2289 Cicero
864 2255 915 2302 says
926 2239 976 2304 (De
986 2242 1029 2290 Or.
1040 2244 1068 2291 ii.

130 2306 288 2353 resemblance
304 2306 410 2352 between
425 2306 472 2353 this
485 2319 583 2366 passage
614 2305 673 2364 82):
691 2304 746 2350 “ad
761 2305 883 2350 remilium
894 2298 923 2352 de
937 2319 964 2351 rc
974 2307 1071 2367 publica

130 2369 177 2414 and
188 2385 234 2416 one
244 2369 270 2415 in
283 2369 406 2429 Euripides
418 2367 581 2430 (Hippolytus,
614 2367 718 2414 dandum
734 2372 804 2428 eaput
814 2371 850 2414 est
860 2381 929 2414 nosse
940 2383 991 2416 rem
1005 2370 1070 2431 puh-

130 2447 153 2478 v.
165 2431 231 2492 252),
244 2447 318 2478 seeum
329 2438 353 2478 tc
365 2433 428 2478 show
439 2431 491 2478 that
502 2431 583 2479 Cicero
614 2429 708 2476 licam.'’
727 2429 834 2492 ‘Caput'
846 2445 927 2478 means
940 2432 995 2479 ‘the
1006 2433 1074 2480 chief

131 2501 195 2542 must
210 2496 269 2542 have
284 2495 330 2541 had
346 2495 366 2541 it
375 2496 400 2541 in
411 2495 447 2540 his
463 2490 536 2550 mind,
547 2493 584 2541 for
615 2491 699 2553 thing!

131 2558 218 2604 henas
237 2559 336 2604 familiar
346 2559 402 2604 with
419 2558 460 2604 the
479 2557 544 2618 plays
560 2556 586 2603 of
639 2555 748 2617 .Seyffert
773 2555 882 2603 observes
907 2557 961 2604 that
985 2557 1073 2606 Cicero

131 2621 262 2680 Euripides.
307 2621 331 2666 lt
357 2621 377 2666 is
398 2634 444 2666 one
467 2619 495 2666 ot
518 2619 584 2666 these
615 2633 668 2665 uses
686 2619 827 2666 ‘securitas’
846 2619 905 2666 both
925 2621 950 2666 to
969 2634 1075 2682 express

132 2682 267 2742 ‘argutiae'
283 2697 311 2729 or
327 2681 494 2738 subtleties,of
507 2681 583 2728 which
614 2681 655 2728 the
677 2680 780 2744 εὐθυμία
804 2681 831 2728 oi
850 2681 1006 2739 Democritus,
1028 2684 1076 2732 ahs

131 2761 202 2806 many
215 2746 333 2806 exemplos
348 2759 418 2792 eccur
433 2745 459 2790 in
474 2744 585 2791 thisdra·
617 2742 725 2791 ἀπάθεια
746 2744 773 2790 of
791 2744 833 2790 the
854 2744 937 2802 Stoice,
959 2746 1007 2792 and
1028 2747 1077 2795 the

132 2809 219 2854 matist.
618 2803 696 2863 ἡδονή
708 2807 735 2853 oi
743 2807 865 2867 Epicurus.
905 2808 1077 2871 Hesays(De

618 2867 668 2916 ain.
682 2883 704 2915 v.
721 2869 747 2930 8)
757 2887 763 2915 z
782 2870 935 2916 “Democriti
947 2873 1076 2930 securitas,

617 2945 678 2992 quae
691 2935 728 2977 est
743 2931 815 2978 animi
830 2938 943 2994 tanquam
953 2937 1078 2996 tranquil.

615 2992 677 3047 litas,
689 3008 759 3053 quam
770 2995 895 3054 appellavit
906 2995 1059 3058 stirpiarl'

133 3057 202 3104 Some
210 3056 287 3102 critica
295 3069 396 3116 suppose
403 3056 454 3102 that
460 3054 584 3116 Euripides
647 3056 768 3164 Hateotp
780 3057 880 3118 Seyffert
889 3058 932 3105 has
943 3060 1079 3109 ‘haberet'

131 3120 151 3166 is
177 3119 233 3164 here
259 3118 328 3177 using
348 3133 363 3163 a
385 3117 488 3164 Sometic
507 3118 582 3179 irony.
615 3118 676 3165 hom
693 3119 735 3164 the
769 3119 895 3176 ataias..
915 3135 940 3168 as
958 3122 989 3168 he
1009 3138 1080 3186 says.

133 3181 224 3240 Hardly
241 3194 275 3235 so,
291 3179 391 3226 lthink.
425 3179 523 3240 Seyffert
540 3180 584 3227 has
616 3180 655 3227 He
671 3181 789 3227 considers
804 3181 846 3229 the
862 3183 966 3230 'dicae'
979 3185 1082 3234 in‘di.

132 3241 306 3303 ‘argumentis'
328 3243 354 3288 in
375 3242 441 3302 place
468 3242 496 3290 oi
520 3243 584 3290 ‘suis
615 3257 667 3290 cere
683 3243 767 3298 aiunt‚'
784 3259 810 3290 as
827 3260 842 3291 a
856 3251 952 3306 present
970 3249 1083 3308 perfect,

131 3304 244 3366 aguda!
285 3304 382 3366 Madvig
398 3305 441 3352 has
459 3305 583 3366 ‘argutiis'
615 3306 662 3353 and
678 3306 731 3352 that
745 3307 765 3352 it
782 3307 858 3366 ought
873 3311 984 3371 properly
1000 3316 1028 3359 to
1048 3313 1085 3360 be

131 3369 224 3430 simply.
616 3367 740 3426 ‘dixissed
763 3369 808 3416 but
830 3369 938 3418 ‘dicae'
959 3374 981 3422 is
1004 3375 1085 3432 used,

133 2897 198 2957 χρῆν
210 2894 258 2956 γὰρ
269 2893 369 2955 μετρίας
380 2892 414 2950 εἰς
425 2891 556 2949 ἀλλήλους

132 2959 215 3021 φιλίας
225 2958 333 3013 θνατοὺς
341 2955 532 3018 ἀνακίρνασθαι,
540 2959 583 3004 διο.
