2296 3752
123 219 182 277 190
361 216 407 276 Μ.
428 217 576 277 TULLII
597 218 824 278 CICERONIS

370 424 417 482 19.
440 422 592 482 CICERO
614 421 765 482 SERVIO
787 422 815 480 S.

389 537 475 612 (1111.
490 540 538 596 20.
578 555 608 596 a.
623 555 654 596 u.
670 554 696 596 o.
711 536 794 612 708.)

121 651 285 729 Asclapone
296 651 432 710 Patrensi
442 652 553 710 medico
563 657 633 710 utor
642 651 831 723 familiariter,
841 649 967 728 ejusque
977 671 1070 729 quum

122 743 302 801 consuetudo
320 742 392 800 mihi
404 742 535 819 jucunde
554 741 621 815 fuit,
641 747 706 800 tum
725 761 772 800 crs
785 741 882 811 etiam,
897 760 989 818 quam
1004 763 1070 801 sum
1089 756 1097 764 ·

122 838 259 910 expertus
273 833 305 890 in
318 832 484 891 valetudine
501 852 641 891 meorum.
682 832 722 890 In
740 851 797 910 qua
810 831 882 889 mihi
896 850 992 908 quum
1005 833 1070 910 ipsa

122 923 251 995 scientia,
273 928 338 980 tum
361 922 449 981 etiam
472 921 613 981 fidelitate
632 921 890 999 benevolentiaque
912 923 1067 982 satisfecit.

9 1081 18 1098 ⁸
122 1013 213 1070 Hunc
231 1012 323 1088 igitur
339 1012 395 1070 tibi
412 1013 590 1086 commendo,
613 1018 644 1070 et
663 1031 680 1070 a
697 1018 729 1070 te
748 1017 817 1089 pcto
831 1017 867 1069 ut
880 1011 934 1070 des
949 1032 1067 1090 operam

121 1107 156 1160 ut
178 1102 323 1178 intelligat
347 1102 502 1178 diligenter
522 1122 569 1161 me
593 1102 742 1180 scripsisse
762 1103 798 1161 de
818 1121 890 1172 sese,
912 1122 1067 1181 meamque

121 1191 399 1250 commendationem
420 1192 488 1250 usui
508 1212 614 1270 magno
636 1193 692 1252 sibi
708 1191 807 1252 fuisse.
848 1192 916 1251 Erit
941 1193 974 1252 id
996 1194 1067 1253 mihi

120 1283 309 1341 vehementer
320 1287 444 1359 gratum.

366 1436 414 1492 20.
437 1433 590 1492 OIOERO
612 1433 764 1494 SERVIO
785 1435 813 1493 S.

389 1548 474 1624 (xrrr.
489 1550 537 1606 25.
577 1565 607 1606 a..
623 1565 653 1607 π.
669 1546 792 1623 (1708.)

121 1664 323 1741 Hegesaratus
338 1663 507 1722 Larissaeus
521 1663 633 1738 magnis
647 1663 719 1722 meis
733 1662 880 1722 beneficiis
895 1670 1025 1726 ornatus
1035 1667 1065 1725 in

121 1755 275 1813 consulatu
287 1774 351 1812 meo
365 1758 514 1812 memoret
525 1760 625 1830 gratus
636 1753 702 1826 fuit,
712 1774 815 1831 meque
826 1759 930 1832 postea
941 1756 1063 1834 diligen·

120 1845 232 1903 tissime
246 1844 343 1902 coluit.
384 1845 461 1902 Eum
481 1843 536 1902 tibi
555 1865 660 1921 magno
681 1865 767 1923 opere
788 1845 960 1904 commendo
979 1854 1063 1906 utet

120 1935 263 2012 hospitem
277 1954 373 1992 meum
385 1940 415 1992 et
425 1934 593 1996 familiarem
603 1941 634 1994 et
642 1940 758 2012 gratum
768 1935 915 1994 hominem
926 1943 959 1994 et
969 1937 1062 1996 virum

120 2026 229 2085 bonum
251 2029 281 2082 et
302 2023 462 2101 principem
483 2025 609 2084 civitatis
633 2045 702 2084 suae
722 2032 752 2084 et
772 2031 826 2084 tua
844 2027 1062 2087 necessitudine

121 2115 330 2192 dignissimum.
372 2115 546 2192 Pergratum
567 2116 638 2174 mihi
651 2116 763 2188 feceris,
778 2115 803 2174 si
816 2116 930 2174 dederis
945 2137 1063 2196 operam

121 2212 155 2265 ut
168 2206 193 2265 is
203 2206 347 2282 intelligat
356 2206 432 2265 hanc
441 2227 535 2265 meam
546 2207 824 2266 commendationem
834 2227 976 2284 magnum
986 2210 1063 2288 apud

121 2303 151 2357 te
164 2298 278 2378 pondus
292 2298 435 2357 habuisse.

351 2456 399 2512 21.
422 2449 575 2511 OIOERO
596 2449 780 2509 MEMMIO
802 2449 831 2510 S.

399 2569 528 2644 (x111.3.
569 2586 599 2626 n.
613 2583 644 2626 o.
659 2584 685 2626 o.
699 2564 781 2642 704.)

120 2684 158 2743 A.
186 2685 303 2742 Fufium
329 2704 421 2743 unum
452 2703 488 2741 cx
521 2681 593 2741 meis
627 2680 747 2754 intimis,
774 2680 1063 2744 observantissimum

122 2774 421 2853 studiosissimumque
441 2773 543 2845 nostri,
565 2771 711 2832 eruditum
729 2771 876 2829 hominem
894 2776 926 2830 et
949 2791 1063 2834 summa

121 2864 310 2937 humanitate,
322 2870 431 2942 tuaque
442 2864 569 2923 amicitia
581 2862 790 2941 dignissimum,
801 2861 886 2920 velim
895 2861 939 2920 ita
952 2867 1062 2924 tractes

154 3008 191 3056 19.
203 3005 302 3054 Aletter
309 3006 433 3054 addressed
443 3011 468 3053 to
481 3006 575 3054 Servius
607 3007 674 3067 clepo
683 3021 731 3054 was
744 3006 785 3054 the
802 3005 924 3067 physician
934 3007 963 3053 of
970 3007 1029 3058 Tiro
1040 3015 1063 3058 at

121 3071 244 3132 Sulpicius,
250 3085 295 3117 one
302 3070 329 3116 of
334 3071 374 3116 the
379 3075 442 3118 most
447 3069 574 3117 illustrious
607 3070 690 3117 Petrae
702 3069 750 3133 (Ad
762 3069 815 3117 Div.
827 3069 873 3116 xvi.
885 3066 920 3131 9).

120 3133 148 3182 of
155 3135 196 3180 the
208 3134 319 3186 Romans.
334 3133 434 3193 ejnrht,
446 3147 477 3178 an
487 3137 573 3190 orator,
638 3135 677 3181 21.
690 3134 819 3181 Aletterto
827 3133 855 3181 C.
863 3133 1004 3192 Memmius,
1012 3137 1063 3185 who

120 3196 167 3242 and
184 3212 199 3242 a
216 3200 350 3242 statesman.
386 3195 425 3240 He
443 3209 490 3240 was
506 3196 575 3241 made
606 3211 653 3242 was
668 3201 693 3242 at
707 3197 754 3243 this
770 3198 828 3244 time
842 3197 915 3258 living
925 3198 951 3244 iu
967 3201 1029 3248 exile
1039 3205 1063 3248 st

120 3258 244 3319 proconsul
262 3257 290 3302 of
302 3257 391 3301 Achaia
407 3256 478 3316 byO.
494 3256 573 3304 Julius
605 3258 728 3318 Mytilene.
759 3261 854 3306 'I'hisis
873 3261 914 3306 the
932 3261 1063 3312 Memmius

121 3320 212 3376 Caesar,
235 3319 280 3365 aad
299 3318 384 3376 during
399 3318 435 3363 his
454 3319 573 3366 residence
605 3325 631 3365 to
649 3321 727 3366 whom
746 3321 870 3370 Lucretius
887 3323 1011 3374 dedicated
1027 3329 1064 3375 his

119 3382 145 3427 ln
166 3383 255 3430 Achaia
277 3380 358 3426 Cicero
380 3384 433 3425 sent
453 3380 503 3426 him
525 3383 573 3428 this
603 3396 682 3443 poem.
788 3415 793 3422 ·

119 3444 188 3492 letter
214 3444 241 3491 of
264 3442 486 3489 recommendation.
526 3443 572 3491 As·
688 3449 691 3454 '
