2362 3756
492 206 579 264 uAP.
600 207 626 264 Ι.
647 205 692 266 ΙΙ.
1022 213 1042 269 6

84 359 233 422 misimus.
256 363 384 422 Omnem
393 367 493 421 autem
502 381 663 422 sermonem
671 362 829 422 tribuimus
837 379 898 422 non
906 365 1040 438 Tithono,

85 459 120 512 ut
132 454 243 512 Aristo
259 455 359 527 Chius,
375 473 479 532 parum
500 455 578 512 enim
598 459 675 512 esset
691 453 875 513 auctoritatis
889 455 920 514 in
933 455 1038 529 fabula,

84 545 135 603 sed
155 546 207 604 Μ.
226 546 334 605 Catoni
357 544 431 618 seni,
453 564 510 622 quo
533 545 669 624 majorem
693 545 898 604 auctoritatem
919 546 1039 606 haberet

85 636 190 695 oratio.
235 636 327 714 Apud
340 655 430 713 quem
444 635 575 694 Laelium
590 640 620 693 et
637 635 800 714 Scipionem
813 635 935 696 facimus
949 638 1037 696 admi·

85 735 186 788 rantes
209 728 291 806 quod
314 727 340 785 is
363 733 427 785 tam
451 726 534 784 facile
555 732 736 785 senectutem
756 726 839 799 ferat,
858 726 950 805 iisque
970 748 1037 786 eum

85 819 327 898 respondentem.
371 817 433 892 Qui
447 817 472 875 si
485 817 627 876 eruditius
636 817 783 876 videbitur
793 817 941 895 disputare
951 839 1036 896 quam

84 911 245 970 consuevit
265 910 329 988 ipse
352 909 383 968 in
411 907 472 966 suis
495 908 584 981 libris,
607 907 761 966 attribuito
785 908 893 968 litteris
917 909 1036 968 Graecis

86 1021 212 1078 quarum
236 1006 354 1060 constat
379 1019 446 1058 eum
469 999 685 1078 perstudiosum
708 999 798 1058 fuisse
819 999 851 1057 in
875 991 1034 1060 senectute.

86 1093 141 1152 Sed
151 1093 228 1171 quid
242 1112 318 1170 opus
331 1096 379 1150 est
392 1090 501 1168 plura?
533 1091 553 1148 J
554 1111 600 1148 am
611 1090 689 1148 enim
702 1089 794 1168 ipsius
807 1090 927 1150 Catonis
942 1112 1035 1152 sermo

86 1185 244 1264 explicabit
258 1189 393 1242 nostram
407 1201 520 1240 omnem
536 1181 571 1240 de
585 1185 736 1239 senectute
751 1181 934 1240 sententiam.

122 1277 223 1334 .11.4.
246 1275 367 1333 Semo.
389 1273 601 1351 Saepenumero
625 1271 760 1330 adraim
787 1273 865 1331 soleo
890 1293 956 1332 cum
979 1273 1034 1333 hoc

87 1363 1033 1444 0.Iaelioquumceterarumrerumtuamexcellentem‚M.Oato‚

88 1457 307 1534 perfectamque
322 1453 503 1532 sapientiam,
514 1459 578 1512 tum
591 1454 638 1512 vel
655 1453 777 1512 maxime
790 1455 868 1530 quod
884 1475 1034 1534 nunquam

87 1554 272 1608 senectutem
282 1547 339 1604 tibi
350 1565 464 1622 gravem
477 1565 541 1603 esse
555 1545 704 1616 senserim,
715 1564 789 1622 quae
800 1545 945 1624 plerisque
959 1547 1033 1606 seni·
1125 1569 1130 1578 ¹

88 1637 140 1698 bns
153 1639 196 1699 sic
218 1637 322 1698 odiosa
342 1641 389 1695 est
407 1641 442 1694 ut
455 1656 530 1695 onus
551 1656 582 1694 se
595 1635 695 1694 Aetna
714 1635 830 1713 gravius
851 1637 950 1696 dicant
971 1659 1032 1698 sus·

88 1821 133 1868 say,
152 1807 226 1855 “and
245 1806 297 1854 iia
313 1820 370 1852 man
385 1805 470 1852 should
485 1804 545 1867 obcy
577 1805 659 1854 Cicero
671 1821 723 1868 says
735 1805 842 1868 (brutus,
855 1821 875 1854 c
890 1807 929 1872 17)
938 1809 991 1856 that
1001 1809 1031 1856 he

87 1871 128 1926 ia’*
140 1875 199 1929 &eq
216 1871 299 1918 which
314 1870 336 1916 is
352 1884 367 1915 a
382 1883 441 1929 poor
457 1874 505 1915 sort
520 1869 547 1915 os
576 1869 623 1916 had
638 1871 694 1916 read
710 1870 784 1917 above
800 1885 845 1918 ona
861 1871 968 1919 hundred
984 1873 1031 1920 aad

87 1936 229 1995 expressum,
249 1933 288 1980 for
303 1933 346 1979 tha
363 1932 431 1978 ‘mai'
441 1933 503 1979 lases
513 1933 544 1979 its
575 1934 629 1992 fifty
640 1934 667 1980 of
675 1931 754 1980 Cato's
766 1935 878 1981 orations.

88 1997 150 2056 place
167 1999 216 2045 and
232 1999 268 2044 its
287 1995 413 2058 emphasis.
447 1995 487 2042 On
503 1996 544 2042 the
612 1997 675 2052 Quid
686 1991 756 2057 opas]
792 1997 831 2044 An
843 1995 952 2059 ordinary
962 1997 1029 2060 ellip-

87 2063 222 2108 translation
242 2061 271 2107 ot
284 2059 345 2106 such
359 2059 433 2105 forms
449 2064 544 2119 as‘pa·
576 2059 608 2105 sis
629 2061 654 2106 in
675 2059 775 2106 familiar
793 2061 918 2118 discourse,
938 2063 1029 2109 instead

87 2124 147 2170 raat’
166 2126 227 2172 with
244 2122 352 2185 ‘possit'
369 2123 394 2169 in
410 2123 453 2168 the
467 2137 543 2168 eorre-
576 2123 603 2168 οἰ
617 2128 632 2150 ‘⁴
642 2123 698 2184 quid
709 2137 770 2183 opus
786 2129 823 2170 est
836 2126 903 2185 plura
915 2126 990 2172 dicere
1000 2126 1027 2172 ?''

88 2187 201 2248 aponding
222 2187 341 2242 member,
363 2200 402 2232 see
423 2186 544 2232 Professor
574 2186 641 2232 Thus
662 2202 677 2232 a
697 2187 789 2233 haran
808 2189 876 2234 could
897 2204 939 2249 say
956 2190 1028 2250 ‘quid

89 2249 158 2312 Key's
175 2252 358 2307 Grammar,on
373 2249 415 2296 the
431 2250 542 2310 conjuga-
574 2250 665 2310 plura?
679 2251 863 2311 ‘quidmulta?’
893 2252 1027 2300 Thecmis-

87 2313 153 2360 ἥσω.
575 2313 626 2358 sion
643 2313 670 2360 oi
683 2329 698 2360 a
708 2313 764 2360 verb
780 2315 805 2359 in
821 2313 920 2361 familiar
931 2331 1027 2363 conver-

116 2377 276 2425 Adms'rcatea
303 2375 482 2437 qaod—serat]
520 2375 542 2423 A
575 2377 651 2422 sation
678 2392 706 2423 or
726 2377 820 2438 wddng
840 2393 887 2425 was
909 2393 1026 2426 common.

87 2443 231 2501 comparlson
260 2439 290 2487 of
302 2439 360 2491 ,lile
386 2453 494 2500 passages
517 2439 542 2484 in
575 2440 657 2486 Cicero
676 2439 758 2500 begins
774 2455 788 2486 a
804 2441 874 2488 letter
889 2447 914 2488 to
933 2442 1027 2490 Atticus

87 2502 159 2550 vehicla
177 2502 277 2565 ‘qaod’
294 2503 315 2549 is
330 2503 437 2549 followed
454 2503 485 2562 by
501 2503 543 2549 the
575 2503 637 2564 (xvi.
665 2503 694 2564 3)
732 2503 794 2550 “Tu
820 2519 875 2551 vero
902 2506 1025 2566 sapienter.

88 2564 232 2626 subjunctive
248 2566 299 2613 will
315 2565 379 2612 shcvv
394 2567 447 2612 that
462 2567 482 2611 it
499 2565 540 2612 bc·
572 2567 645 2612 Nunc
656 2566 779 2622 demum,”
792 2570 834 2614 &a

88 2625 151 2689 longa
170 2635 196 2678 to
217 2631 262 2677 tha
284 2643 350 2676 more
370 2629 464 2690 general
484 2643 539 2675 con-
595 2634 619 2677 ἓ.
631 2630 769 2676 veteranam
776 2645 865 2688 reram,
873 2631 928 2692 δια]
943 2636 958 2660 “
966 2632 1026 2680 Sana

87 2693 199 2740 medon
210 2693 397 2740 ostheralative
408 2691 471 2754 ‘qui'
482 2692 540 2739 with
572 2698 701 2739 ceterarum
719 2708 797 2740 rerum
816 2696 982 2755 paterfamilias
1001 2703 1027 2744 et

87 2753 126 2801 tha
140 2757 299 2817 subjunctive.
333 2755 416 2816 comp.
429 2755 467 2802 De
484 2756 539 2802 Sen.
571 2756 675 2816 prudens
692 2761 722 2802 -et
740 2758 869 2804 attentus.”
911 2758 959 2806 Cic.
980 2761 1025 2807 Pro

87 2829 106 2862 c.
117 2821 139 2874 2,
151 2821 174 2874 ³,
187 2824 218 2877 43
236 2821 276 2867 De
287 2819 342 2866 Am.
354 2833 375 2865 c.
383 2822 422 2873 27.
573 2819 599 2866 P.
612 2820 718 2875 Quintio,
730 2835 750 2866 e.
764 2822 788 2867 8,
821 2821 855 2868 As
866 2825 891 2868 to
902 2823 950 2870 this
962 2825 1025 2885 posi·

117 2881 174 2929 Saia
193 2883 286 2944 libata]
322 2881 358 2929 Μ.
371 2883 467 2929 Porcius
481 2883 540 2930 Cato
571 2884 622 2929 tion
640 2883 667 2928 os
683 2884 724 2930 the
740 2883 848 2944 genitive,
868 2888 1026 2946 compareDe

87 2947 260 3002 masoldier,
274 2960 306 2992 an
322 2951 408 3002 emtor,
419 2947 537 3002 afarmer,
572 2945 627 2992 Sen.
646 2961 667 2992 c.
685 2950 723 3003 22,
742 2952 895 2994 “ceterarum
913 2949 1024 3007 rerum;”

88 3007 277 3056 mdanaaffior.
312 3009 539 3056 Hevrotassmall
570 3010 615 3056 and
628 3023 648 3055 c.
660 3011 700 3066 23,
712 3015 727 3037 ‘⁴
736 3014 764 3056 ut
775 3011 871 3058 aliarum
883 3013 987 3060 rerum.''

88 3071 178 3119 beatiss
195 3073 235 3119 De
253 3073 290 3118 Re
307 3072 411 3128 Rustica,
426 3073 502 3120 which
518 3074 538 3119 is
604 3073 718 3134 Sic-ct]
754 3074 824 3120 ‘Sic'
841 3076 862 3121 ia
877 3077 935 3122 used
948 3090 1023 3123 some·

89 3137 173 3192 aaut
184 3136 232 3182 and
244 3135 364 3195 Origines,
380 3149 407 3180 or
422 3137 539 3197 ahistory
570 3137 639 3182 times
655 3136 703 3182 like
721 3136 786 3193 ‘ita,'
804 3137 851 3184 and
867 3151 922 3200 may
934 3139 964 3185 be
980 3139 1023 3185 fol·

89 3194 115 3240 ci
130 3197 170 3244 the
191 3199 256 3259 early
277 3202 360 3245 meam
381 3198 407 3244 ol
426 3199 495 3260 Italy,
515 3199 542 3246 ol
570 3199 644 3246 loved
656 3199 752 3260 by‘ut'
764 3200 811 3246 and
819 3201 860 3247 the
868 3201 1023 3262 subjunctive,

89 3257 160 3306 vbich
168 3275 235 3308 some
242 3261 373 3322 fragments
381 3263 476 3309 romain.
487 3263 539 3310 The
570 3277 596 3309 as
614 3263 640 3308 in
659 3263 700 3308 the
719 3263 854 3323 expression
874 3262 905 3325 (c.
925 3266 949 3326 1)
968 3265 1024 3310 “ita

89 3317 213 3382 harneas
228 3325 257 3371 os
270 3323 309 3370 his
325 3323 427 3370 orations
440 3339 479 3373 are
490 3326 538 3373 col·
568 3324 975 3386 jucunda-taitut—absterserit.”
987 3327 1023 3373 si-

91 3380 160 3433 laeted
186 3387 218 3449 by
245 3387 338 3448 Meyer,
373 3385 439 3435 Orat.
468 3389 538 3437 Rom.
571 3389 732 3448 milarusages
748 3388 775 3434 ol
789 3389 1024 3436 ‘sic-at'oecurln

91 3443 176 3510 lnam.
203 3465 247 3512 pp.
271 3449 401 3506 ll-lal,
427 3452 475 3500 tad
501 3451 538 3499 ed.
571 3451 610 3499 De
629 3451 684 3500 Seu.
701 3454 725 3508 8,
743 3448 1024 3508 ‘sicavide,'&c.;and
