2362 3756
447 159 537 217 OAP.
557 157 644 218 XIV.
665 159 735 219 XV.
1018 162 1058 218 41

104 314 149 374 his
163 314 277 374 studiis
295 314 457 392 degruntee
474 333 558 372 senes
576 314 710 372 vidimus.
751 313 797 372 Μ.
811 333 879 373 vero
894 313 1058 392 Cethegum

103 427 191 484 quem
204 411 292 486 recte
307 405 423 464 Suedee
436 405 592 463 medullam
613 405 686 462 dixit
700 405 825 477 Ennius,
836 409 946 483 quanto
960 404 1057 463 studio

104 499 237 556 exerceri
250 499 285 556 in
299 496 424 556 dicendo
437 495 606 554 videbamus
625 496 711 553 etism
732 499 848 554 senem!
890 497 972 572 Quue
986 501 1057 554 sunt

103 586 199 664 igitur
208 588 368 666 epulorum
379 591 431 644 aut
440 585 576 644 ludorum
584 590 636 643 eut
645 590 806 644 scortorum
816 585 981 664 voluptates
989 605 1057 644 cum

104 676 150 736 his
163 677 374 756 voluptatibus
388 675 619 754 comparandae?
640 675 739 752 Atque
752 676 823 735 hoec
833 677 945 754 quidem
959 677 1057 737 studia

104 765 270 827 doctrinae.
313 768 398 841 Quae
419 765 534 843 quidem
553 765 747 843 prudentibus
768 771 799 823 et
818 766 892 826 bene
909 767 1056 826 institutis

4 853 14 876 ’
104 858 220 934 puriter
233 877 302 916 cum
316 863 415 916 eetute
428 861 572 929 crescunt,
582 862 618 915 ut
631 856 786 915 honestum
798 856 869 916 illud
880 859 993 918 Solonis
1007 858 1055 931 eit,

105 949 186 1024 quod
200 949 245 1007 uit
257 947 403 1006 versiculo
417 947 548 1025 quodum,
559 953 673 1006 utente
684 947 752 1019 dixi,
763 967 911 1008 senescere
922 969 953 1008 ee
962 950 1056 1010 multu

104 1036 138 1095 in
148 1038 215 1097 dies
224 1039 443 1111 addiscentem
457 1057 514 1115 que
523 1038 672 1117 voluptate
682 1038 772 1097 enimi
781 1039 948 1099 nullucerte
956 1046 1055 1120 potest

106 1147 172 1187 esse
187 1130 292 1208 major.

146 1220 221 1280 XV.
244 1224 294 1278 51.
308 1217 407 1278 Venio
419 1237 498 1277 nunc
512 1217 548 1277 ud
565 1218 731 1297 voluptates
745 1219 935 1296 agricolarum
948 1219 1055 1298 quibus

107 1327 163 1386 ego
188 1309 403 1368 incredibiliter
426 1308 561 1380 delector,
589 1328 662 1386 quse
688 1328 743 1367 nec
769 1309 830 1368 ullu
855 1310 1056 1389 impediuntur

108 1407 267 1460 senectute
291 1404 324 1458 et
345 1398 416 1457 mihi
437 1398 474 1456 ud
497 1399 636 1476 sapientis
660 1399 749 1457 vitum
770 1399 900 1476 proxime
918 1401 1056 1460 videntur

107 1491 257 1550 ucccdere.
280 1490 404 1549 Habent
414 1488 491 1547 enim
500 1489 642 1547 rationem
653 1509 719 1547 cum
729 1495 809 1548 terre
819 1509 892 1568 quse
904 1511 1055 1569 nunquum

107 1586 228 1640 recuset
251 1579 416 1658 imperium,
436 1598 491 1638 nec
513 1599 641 1656 unquam
666 1579 730 1637 sine
748 1599 839 1638 usura
861 1581 958 1640 reddit
977 1581 1055 1658 quod

108 1674 232 1752 uoeopit,
247 1673 301 1731 sed
320 1671 391 1730 elius
410 1671 530 1743 minore,
544 1671 714 1748 plerumque
733 1671 841 1748 majore
861 1691 927 1730 cum
945 1671 1054 1732 fenore.

1 1805 10 1833 ,
109 1763 298 1842 Quemquam
311 1782 358 1820 me
369 1761 484 1840 quidem
497 1781 558 1819 non
570 1761 684 1820 fructus
698 1762 783 1820 modo
797 1761 848 1821 sed
863 1763 952 1822 etium
961 1763 1054 1842 ipsius

108 1859 206 1913 terroe
220 1854 265 1912 vis
279 1873 313 1912 ec
326 1851 433 1911 neture
451 1851 595 1923 delectet3
615 1871 688 1929 quse
702 1872 793 1929 quum
812 1853 922 1929 gremio
942 1855 1054 1914 mollito

109 1963 144 2004 uc
157 1946 281 2004 subacto
295 1963 429 2022 sparsum
442 1961 542 2001 semen
554 1943 681 2020 excepit‘
687 1942 818 2020 primum
825 1943 856 2002 id
870 1947 1054 2003 occoecatum

109 2036 237 2107 cohibet,
259 2055 296 2094 ex
318 2054 376 2112 quo
397 2034 507 2092 occatio
532 2053 605 2111 quoe
628 2033 683 2092 hoc
705 2033 793 2091 efficit
816 2034 967 2092 nominata
989 2039 1053 2106 est;

110 2125 218 2186 deinde
240 2125 422 2205 tepefactum
434 2143 539 2202 vapore
560 2129 591 2182 et
613 2142 780 2201 compressu
802 2143 855 2182 suo
876 2123 1002 2183 diffindit
1022 2130 1053 2183 et

110 2217 190 2278 elicit
208 2217 430 2276 herbescentem
450 2234 485 2274 ex
505 2234 540 2274 eo
561 2213 754 2286 viriditatem
784 2233 858 2292 quae
884 2213 953 2272 nixu
972 2213 1053 2274 fibris

109 2381 180 2446 que3'
199 2381 244 2429 but
258 2379 357 2443 ‘utqui'
376 2393 474 2441 uppem
493 2382 519 2426 tc
535 2378 566 2426 be
597 2393 667 2425 meon
687 2378 742 2425 thet
761 2379 803 2426 the
824 2377 891 2439 gruin
907 2377 928 2424 is
946 2377 1052 2435 covered,

109 2446 332 2506 thetruercudmg.
349 2442 567 2490 Thereisenother
597 2441 824 2498 und,iftbetistbe
832 2441 896 2501 right
905 2440 1009 2499 reading.
1017 2453 1053 2488 we

108 2510 248 2556 nemesin
260 2525 281 2557 c.
293 2510 332 2565 17,
342 2507 428 2568 “etqui
435 2519 479 2566 ego
487 2505 567 2552 omniu
598 2505 682 2551 should
698 2508 782 2566 expect
793 2509 819 2550 to
829 2503 880 2550 find
892 2500 1053 2560 ‘occoecutio‚'

109 2571 182 2620 istun
598 2572 641 2614 uot
652 2565 777 2622 ‘occetim'
792 2566 840 2613 sud
851 2565 947 2612 thereis
961 2580 976 2612 e
987 2565 1053 2614 reed-

145 2637 182 2684 lu.
199 2634 322 2695 Nec-et]
351 2628 410 2679 'l'his
420 2631 481 2678 torm
492 2630 520 2677 oi
527 2644 567 2677 ex-
598 2631 640 2690 ing
650 2628 809 2704 ‘occoecsticl
831 2627 961 2676 ‘Occu-re'
972 2643 1053 2704 menne

110 2694 484 2818 ιιιιιιι
495 2694 567 2814 ιι
598 2691 1054 2817 ιιιιιιιιιι

110 2824 161 2874 ρκ’
598 2834 625 2866 οι·
641 2819 774 2878 something
790 2819 816 2864 ol
830 2818 871 2865 the
881 2819 954 2866 kind:
972 2819 1053 2865 “Pul-

142 2887 294 2950 Impertum‚]
340 2884 368 2931 Ρ.
385 2883 509 2930 Manutius
531 2883 566 2928 el-
597 2883 740 2929 verutionem
761 2881 852 2928 fuciunt
873 2897 945 2943 quum
968 2884 1054 2928 vocent

110 2953 174 3000 tered
193 2952 241 2998 tbis
257 2949 315 2997 MS.
329 2946 427 3006 reading
441 2946 492 2992 into
509 2945 567 2992 ‘im-
598 2945 680 2992 rustici
706 2944 858 3000 occationem,
880 2959 954 3006 quum
976 2943 1053 2990 omnis

110 3015 221 3078 pendium
231 3015 246 3071 ;'
263 3013 310 3060 but
326 3009 499 3071 injudiciouely,
515 3023 542 3055 es
554 3008 567 3054 1
598 3009 667 3068 glebo
680 3007 706 3053 iu
716 3007 790 3053 mods
799 3006 935 3067 retringitur
945 3011 970 3052 et
980 3005 1053 3051 resol-

110 3079 185 3126 tbink.
598 3072 662 3117 vitur
677 3071 702 3116 iu
723 3068 869 3130 pulverem.”
899 3069 1002 3130 (Colum.
1019 3066 1052 3112 xi.

144 3137 316 3198 Occoeculunq
344 3133 497 3182 nonense.
508 3133 568 3180 heve
599 3133 634 3196 2.)
667 3133 749 3180 Cicero
764 3132 889 3192 msyhuve
904 3129 1053 3178 intendedto

112 3202 251 3254 ‘comtum’
275 3197 568 3258 ‘Obcoecuri’isepplied
599 3198 651 3257 give
677 3195 719 3242 the
745 3195 879 3254 ewmulugy
906 3193 933 3240 ot
958 3187 1052 3245 ‘occet'

109 3267 141 3331 by
161 3265 298 3317 Columella
321 3261 356 3324 (ii.
378 3259 405 3320 2)
427 3264 453 3307 to
470 3259 568 3306 covered
599 3259 644 3306 but
660 3258 681 3305 if
695 3257 726 3303 he
742 3256 790 3313 did,
809 3257 839 3303 he
856 3271 903 3303 uus
924 3269 951 3302 us
967 3264 1053 3299 unmo-

109 3331 193 3390 druius,
213 3345 241 3377 es
257 3324 367 3388 opposed
382 3328 409 3370 to
426 3321 567 3384 ‘putentem'
599 3321 684 3368 coesful
705 3333 731 3365 us
752 3319 789 3364 his
811 3324 966 3379 countrymeu
987 3312 1054 3360 oum

109 3389 298 3459 ‘opendninsl
329 3384 569 3434 ‘Occoecure’must
599 3382 894 3441 werelnsuchettempts.
