2362 3772
185 171 222 226 18
508 165 616 224 CATO
636 164 790 224 MAJOR.

183 321 273 382 malos
295 321 443 392 scandant,
456 321 505 380 alii
522 341 575 398 per
593 320 672 378 foros
693 324 820 392 cursant,
835 319 884 378 alii
905 321 1049 390 sentinam
1070 343 1115 382 ex·
1167 307 1168 390 l

183 411 326 482 hauriant,
334 411 384 470 ille
394 416 492 470 autem
502 411 613 470 clarum
622 416 727 468 tenens
738 409 855 486 quietus
867 410 966 468 sedeat
975 413 1007 469 in
1016 415 1114 492 puppi.

183 501 254 559 Non
273 500 344 559 facit
367 520 495 578 eaquae
514 501 645 578 juvenes.
686 500 729 558 At
749 519 817 558 vero
838 500 932 558 multo
954 502 1064 579 majora
1086 509 1115 561 et
1167 525 1168 568 l

183 591 301 650 meliora
311 590 390 649 facit.
424 591 495 648 Non
506 591 614 648 viribus
627 589 890 648 autvelocitatihus
904 595 956 648 aut
969 592 1115 650 eeleritate

183 701 335 760 corporum
349 701 396 740 res
416 699 536 758 magnae
556 685 707 757 geruntru,
722 679 773 738 sed
793 679 921 752 consilio,
934 681 1115 752 auctoritate,
1167 727 1168 752 p

183 772 347 843 senteutia;
367 771 472 850 quihus
485 790 545 830 non
557 770 643 828 modo
656 789 716 828 non
729 769 833 840 orbari,
847 770 898 833 sed
916 770 1004 828 etiam
1018 773 1117 848 augeri
1167 759 1168 796 Ὗ

183 869 318 922 senectus
332 863 414 921 solet.
456 865 503 920 18.
524 861 592 918 Nisi
609 860 685 918 forte
705 879 758 936 ego
771 859 861 930 vohis,
876 859 969 936 quiet
982 861 1066 920 miles
1087 867 1116 919 et

183 953 318 1012 tribunus
332 959 363 1011 et
375 953 488 1028 legatus
502 957 533 1009 et
546 950 648 1008 consul
657 954 789 1008 versatus
804 969 869 1006 sum
878 950 910 1006 in
919 949 997 1007 vario
1011 969 1117 1026 genere
1167 981 1168 1008 ι

182 1043 331 1114 bellorum,
345 1061 456 1101 cessare
475 1061 555 1100 nunc
567 1040 666 1098 videor
679 1060 770 1117 quum
789 1039 865 1096 hella
882 1059 943 1097 non
956 1059 1033 1115 gero.
1075 1042 1117 1098 At

183 1133 304 1192 Senatui
316 1132 469 1210 quaesint
489 1130 615 1207 gerenda
633 1129 796 1207 praescribo
815 1133 846 1187 et
859 1130 1020 1206 quomodo:
1042 1131 1117 1189 Kar·

183 1223 295 1300 thagini
304 1223 378 1280 male
385 1222 446 1300 jam
457 1221 508 1280 diu
518 1221 659 1297 cogitanti
668 1220 776 1278 bellum
786 1219 879 1278 multo
890 1224 958 1277 ante
968 1219 1117 1293 denuntio,

183 1311 219 1371 de
232 1332 289 1390 qua
300 1313 393 1371 vereri
411 1331 472 1370 non
491 1315 559 1368 ante
573 1310 703 1368 desinam
716 1329 802 1386 quam
820 1309 899 1366 illam
916 1309 1041 1368 excisam
1055 1331 1118 1370 esse

183 1422 351 1480 cognovero.
393 1405 439 1460 19.
465 1401 560 1474 Quam
583 1399 707 1476 palmam
728 1399 841 1458 utinam
859 1399 911 1457 Dii
931 1399 1118 1474 immortales,

184 1493 287 1570 Scipio,
301 1492 356 1550 tihi
368 1496 524 1561 reservent,
538 1495 573 1547 ut
593 1489 638 1547 avi
655 1489 790 1566 reliquiae
807 1509 988 1566 persequare,
1002 1491 1119 1568 cujusa

183 1588 276 1640 morte
289 1582 395 1640 tertius
408 1581 455 1638 hic
473 1585 504 1638 et
517 1579 679 1637 tricesimus
692 1599 787 1636 annus
801 1584 865 1637 est:
887 1577 939 1638 edd
952 1581 1118 1640 memoriam

183 1672 260 1730 illius
273 1671 327 1730 viri
340 1690 439 1729 omnes
453 1669 596 1746 excipient
609 1669 679 1726 anni
692 1675 910 1746 consequentes.
945 1670 1035 1729 Anno
1050 1679 1119 1730 ante
1167 1743 1168 1756 χ

182 1781 229 1819 me
243 1779 390 1820 censorem
398 1748 532 1817 mortuiis
546 1764 599 1830 est,
611 1778 714 1817 novem
726 1759 811 1816 annis
823 1765 891 1835 post
904 1779 1001 1818 meum
1015 1781 1118 1820 consu-

183 1852 283 1921 latum,
304 1869 394 1927 quum
420 1849 522 1908 consul
544 1849 651 1907 iterum
676 1868 723 1906 me
746 1840 865 1907 consule
889 1855 1003 1908 creatus
1031 1861 1118 1910 esset.

184 1940 265 1998 Num
277 1939 376 2016 igitur,
390 1938 416 1997 si
428 1938 466 1997 ad
483 1939 672 1998 centesimum
692 1958 803 1997 annum
814 1939 942 2011 vixisset,
957 1943 1119 2000 senectutis

214 2126 390 2187 Atrero‚&c.]
409 2125 634 2174 ‘At'ishereused
665 2126 747 2172 mark:
768 2131 827 2186 ‘ego
846 2131 935 2174 vestros
953 2128 1049 2188 patrcs'
1071 2130 1120 2192 (De
1167 2175 1168 2196 p

183 2190 208 2236 in
226 2203 315 2236 answer
330 2193 356 2236 to
371 2204 402 2235 an
416 2193 546 2248 argument,
557 2189 633 2235 which
666 2188 720 2234 Sen.
739 2189 795 2250 21);
814 2195 898 2249 ‘quem
918 2206 961 2248 ego
980 2206 1062 2248 meum
1082 2209 1120 2239 ca-
1167 2203 1168 2250 ζ

183 2253 203 2300 it
213 2252 269 2300 does
279 2256 321 2298 not
332 2251 401 2311 deny,
417 2251 461 2298 hut
474 2252 568 2298 rendere
579 2267 633 2298 nse-
665 2249 732 2296 snm'
755 2251 803 2310 (De
830 2253 884 2298 Seu.
912 2253 971 2315 23);
996 2259 1057 2314 ‘ego
1080 2271 1120 2302 ros
1167 2273 1168 2308 ι

183 2317 229 2363 laea
242 2315 325 2375 hythe
341 2314 445 2360 addition
460 2314 487 2360 ol
501 2315 634 2374 something
664 2314 769 2370 hortari,'
782 2318 824 2360 &a
838 2313 887 2374 (De
897 2316 952 2361 Am.
963 2314 998 2377 5).
1167 2343 1168 2368 r

183 2380 238 2426 else.
272 2378 301 2425 ln
319 2378 367 2439 (Da
384 2377 438 2424 San.
453 2392 473 2424 c.
485 2375 511 2438 7)
524 2377 571 2422 ‘At
582 2391 631 2422 me-
694 2378 785 2422 Novem
795 2377 875 2437 anah]
909 2377 961 2424 me
977 2384 1078 2425 amount
1097 2380 1124 2425 of
1167 2369 1168 2424 l

184 2442 257 2489 moria
275 2441 394 2488 minuitur.
428 2438 520 2494 Credo‚'
539 2443 581 2486 &a
600 2454 632 2486 an
663 2439 1121 2499 timahywhichoneeventdiffersfrom
1167 2439 1168 2528 l

183 2505 300 2564 objection
310 2504 331 2550 is
340 2503 488 2563 anticipatad.
510 2502 534 2549 lt
544 2503 565 2549 is
575 2501 632 2549 used
663 2502 788 2548 anotheris
800 2502 855 2548 thus
866 2503 970 2558 marked,
977 2510 1022 2550 not
1030 2507 1122 2564 merely
1167 2537 1168 2552 ι

185 2565 233 2628 (De
245 2567 299 2613 San.
313 2564 422 2626 ll)hot.h
432 2579 507 2626 wayst
526 2563 632 2619 ‘atim’
664 2564 1056 2624 aduration,whiclaasageneral
1069 2569 1122 2613 rule
1167 2589 1168 2592 ¹

183 2644 214 2675 an
231 2628 371 2688 entidpeted
388 2627 518 2686 objection3
544 2628 592 2674 ‘At
608 2627 632 2674 id
664 2627 802 2674 musthein
814 2629 855 2674 the
865 2629 1002 2674 accusative.
1036 2630 1122 2676 ‘Mul-

183 2690 295 2751 quidem,'
307 2690 523 2738 theanswertoit.
555 2690 633 2736 'Ilrere
663 2689 843 2736 tisannisaate¹
867 2691 1019 2752 DeSen.9);
1032 2695 1122 2752 ‘quad-
1167 2711 1168 2714 ¹

183 2754 203 2799 is
225 2769 256 2799 au
276 2752 383 2811 example
403 2752 428 2798 in
448 2752 489 2798 the
507 2751 590 2798 Iretter
608 2752 635 2800 of
664 2752 753 2799 riennio
771 2753 836 2813 post'
866 2753 924 2814 id.);
941 2754 979 2800 De
990 2755 1047 2801 Am.
1061 2757 1084 2811 1,
1098 2760 1122 2811 4,

183 2814 399 2862 MatinatoCioero
418 2814 456 2860 Ad
464 2815 529 2860 Fam.
537 2815 568 2861 xi.
577 2815 631 2874 28):
666 2817 703 2862 12.

185 2878 324 2933 “Atludos,
338 2892 397 2937 quos
493 2877 633 2924 invictoriae
696 2877 871 2937 Numtyllurd
899 2877 993 2924 ‘Num'
1015 2879 1037 2925 ia
1062 2882 1124 2927 used

184 2943 270 2988 Caesar
279 2939 413 2986 adolescens
424 2939 486 2994 lecit,
495 2941 581 2986 curari.
600 2942 634 2986 At
664 2940 690 2986 in
701 2940 774 2986 direct
783 2943 917 3000 questions:
930 2943 973 2987 “it
984 2945 1125 3004 commonly

183 3003 244 3050 idad
253 3003 369 3063 privatum
380 3003 481 3049 officium
492 3003 635 3049 nonadsta-
665 3002 757 3062 impliea
772 3003 814 3049 the
829 3004 976 3063 expectation
993 3005 1021 3050 of
1035 3020 1068 3051 an
1081 3021 1125 3052 an·
1167 3035 1168 3052 ι

183 3065 394 3126 tumreipnhlicae
405 3064 521 3126 pertinet.¹
665 3065 758 3122 sverin
769 3065 810 3111 the
821 3067 935 3124 negative,
949 3067 1125 3115 and‘nonne'
1167 3079 1168 3092 ¹

214 3129 350 3187 Epovohir,
363 3127 418 3187 dra]
448 3128 528 3172 When
539 3127 633 3173 theob-
664 3128 691 3174 in
706 3127 918 3175 theaffirmatire”
931 3128 1019 3190 (Key's
1035 3131 1126 3178 Gram.
1167 3127 1168 3150 ¹

182 3190 230 3248 ject
244 3191 265 3235 is
280 3194 306 3236 to
322 3195 421 3236 connect
434 3189 520 3248 closely
531 3189 572 3234 the
582 3189 634 3235 idea
665 3205 723 3245 mar,
737 3190 817 3250 1419).
851 3190 905 3250 Itis
919 3191 969 3238 also
980 3193 1040 3238 used
1052 3195 1127 3242 when

184 3251 210 3296 ol
218 3255 264 3297 two
275 3266 379 3310 persons,
391 3252 432 3296 the
442 3251 518 3296 words
529 3254 593 3296 must
603 3251 634 3298 he
665 3252 706 3298 the
717 3253 827 3311 question
841 3253 863 3298 is
878 3254 958 3312 patin
968 3255 1009 3300 the
1021 3257 1128 3304 indirect

183 3314 265 3372 placed
275 3314 390 3372 together.
418 3312 637 3372 Aeomparisonol
665 3313 740 3360 form:
759 3315 892 3374 ‘quaesisse
906 3330 965 3362 nnm
983 3317 1059 3366 illnd'
1076 3320 1129 3382 <De

183 3376 230 3421 lilre
246 3375 520 3436 passageswillconfirm
536 3374 634 3420 thiara·
667 3374 721 3422 Sen-
744 3376 773 3432 73
797 3377 836 3424 De
856 3377 912 3424 Am.
936 3378 984 3441 la).
1027 3381 1061 3428 In
1085 3383 1129 3430 the
