<?xml version="1.0" encoding="UTF-8"?>
<!DOCTYPE html PUBLIC "-//W3C//DTD XHTML 1.0 Transitional//EN"
    "http://www.w3.org/TR/xhtml1/DTD/xhtml1-transitional.dtd">
<html xmlns="http://www.w3.org/1999/xhtml" xml:lang="en" lang="en">
 <head>
  <title>
</title>
<meta http-equiv="Content-Type" content="text/html;charset=utf-8" />
  <meta name='ocr-system' content='tesseract 3.04.00' />
  <meta name='ocr-capabilities' content='ocr_page ocr_carea ocr_par ocr_line ocrx_word'/>
</head>
<body>
  <div class='ocr_page' id='page_1' title='image "./mtulliiciceroni98cicegoog/mtulliiciceroni98cicegoog_0268.png"; bbox 0 0 2296 3752; ppageno 0'>
   <div class='ocr_carea' id='block_1_1' title="bbox 220 153 972 260">
    <p class='ocr_par' dir='ltr' id='par_1_1' title="bbox 220 153 972 260">
     <span class='ocr_line' id='line_1_1' title="bbox 220 153 972 260; baseline 0.001 -1"><span class='ocrx_word' id='word_1_1' title='bbox 220 199 525 259; x_wconf 74' lang='lat' dir='ltr'><strong>EPISTOLABUM</strong></span> <span class='ocrx_word' id='word_1_2' title='bbox 544 199 664 257; x_wconf 82' lang='lat' dir='ltr'><strong>LIBRI</strong></span> <span class='ocrx_word' id='word_1_3' title='bbox 684 200 784 260; x_wconf 88' lang='lat' dir='ltr'><strong>DUO.</strong></span> <span class='ocrx_word' id='word_1_4' title='bbox 911 153 972 260; x_wconf 38' lang='lat'><strong>&#39;229</strong></span> 
     </span>
    </p>
   </div>
   <div class='ocr_carea' id='block_1_2' title="bbox 18 355 973 2144">
    <p class='ocr_par' dir='ltr' id='par_1_2' title="bbox 18 355 973 2144">
     <span class='ocr_line' id='line_1_2' title="bbox 20 355 972 434; baseline 0.001 -21"><span class='ocrx_word' id='word_1_5' title='bbox 20 359 140 414; x_wconf 87' lang='lat' dir='ltr'><strong>rentur.</strong></span> <span class='ocrx_word' id='word_1_6' title='bbox 182 355 241 414; x_wconf 78' lang='lat' dir='ltr'><strong>Sed</strong></span> <span class='ocrx_word' id='word_1_7' title='bbox 253 361 290 414; x_wconf 91' lang='lat' dir='ltr'><strong>ut</strong></span> <span class='ocrx_word' id='word_1_8' title='bbox 309 375 344 414; x_wconf 89' lang='lat' dir='ltr'><strong>eo</strong></span> <span class='ocrx_word' id='word_1_9' title='bbox 363 361 495 434; x_wconf 88' lang='lat' dir='ltr'><strong>tempore</strong></span> <span class='ocrx_word' id='word_1_10' title='bbox 513 375 574 414; x_wconf 90' lang='lat' dir='ltr'><strong>non</strong></span> <span class='ocrx_word' id='word_1_11' title='bbox 591 355 677 415; x_wconf 90' lang='lat' dir='ltr'><strong>modo</strong></span> <span class='ocrx_word' id='word_1_12' title='bbox 695 355 757 434; x_wconf 91' lang='lat' dir='ltr'><strong>ipse</strong></span> <span class='ocrx_word' id='word_1_13' title='bbox 770 355 867 415; x_wconf 80' lang='lat' dir='ltr'><strong>fautor</strong></span> <span class='ocrx_word' id='word_1_14' title='bbox 880 355 972 433; x_wconf 92' lang='lat' dir='ltr'><strong>digni·</strong></span> 
     </span>
     <span class='ocr_line' id='line_1_3' title="bbox 19 445 971 526; baseline 0.005 -24"><span class='ocrx_word' id='word_1_15' title='bbox 19 445 96 504; x_wconf 88' lang='lat' dir='ltr'><strong>tatis</strong></span> <span class='ocrx_word' id='word_1_16' title='bbox 106 450 178 504; x_wconf 75' lang='lat' dir='ltr'><strong>triae</strong></span> <span class='ocrx_word' id='word_1_17' title='bbox 189 445 233 503; x_wconf 84' lang='lat' dir='ltr'><strong>fui</strong></span> <span class='ocrx_word' id='word_1_18' title='bbox 243 465 344 504; x_wconf 86' lang='lat' dir='ltr'><strong>verum</strong></span> <span class='ocrx_word' id='word_1_19' title='bbox 356 446 443 504; x_wconf 87' lang='lat' dir='ltr'><strong>etiam</strong></span> <span class='ocrx_word' id='word_1_20' title='bbox 454 446 558 504; x_wconf 86' lang='lat' dir='ltr'><strong>ceteris</strong></span> <span class='ocrx_word' id='word_1_21' title='bbox 570 451 672 504; x_wconf 77' lang='lat' dir='ltr'>auctor</span> <span class='ocrx_word' id='word_1_22' title='bbox 681 448 718 505; x_wconf 90' lang='lat' dir='ltr'><strong>ad</strong></span> <span class='ocrx_word' id='word_1_23' title='bbox 727 453 758 506; x_wconf 89' lang='lat' dir='ltr'><strong>te</strong></span> <span class='ocrx_word' id='word_1_24' title='bbox 769 447 971 526; x_wconf 86' lang='lat' dir='ltr'><strong>adjuvandum,</strong></span> 
     </span>
     <span class='ocr_line' id='line_1_4' title="bbox 19 536 973 624; baseline 0.003 -31"><span class='ocrx_word' id='word_1_25' title='bbox 19 536 63 594; x_wconf 92' lang='lat' dir='ltr'><strong>sic</strong></span> <span class='ocrx_word' id='word_1_26' title='bbox 76 555 130 594; x_wconf 90' lang='lat' dir='ltr'><strong>me</strong></span> <span class='ocrx_word' id='word_1_27' title='bbox 142 556 223 594; x_wconf 90' lang='lat' dir='ltr'><strong>nunc</strong></span> <span class='ocrx_word' id='word_1_28' title='bbox 235 536 367 614; x_wconf 90' lang='lat' dir='ltr'><strong>Pompeii</strong></span> <span class='ocrx_word' id='word_1_29' title='bbox 379 536 505 613; x_wconf 75' lang='lat' dir='ltr'>dignitas</span> <span class='ocrx_word' id='word_1_30' title='bbox 515 537 702 624; x_wconf 75' lang='lat' dir='ltr'><strong>vehementer</strong></span> <span class='ocrx_word' id='word_1_31' title='bbox 714 543 818 596; x_wconf 89' lang='lat' dir='ltr'><strong>movet.</strong></span> <span class='ocrx_word' id='word_1_32' title='bbox 851 538 973 615; x_wconf 81' lang='lat' dir='ltr'><strong>Aliquot</strong></span> 
     </span>
     <span class='ocr_line' id='line_1_5' title="bbox 19 627 972 707; baseline 0.003 -22"><span class='ocrx_word' id='word_1_33' title='bbox 19 627 103 685; x_wconf 92' lang='lat' dir='ltr'><strong>enim</strong></span> <span class='ocrx_word' id='word_1_34' title='bbox 134 632 206 686; x_wconf 89' lang='lat' dir='ltr'><strong>sunt</strong></span> <span class='ocrx_word' id='word_1_35' title='bbox 233 627 304 685; x_wconf 84' lang='lat' dir='ltr'><strong>anni</strong></span> <span class='ocrx_word' id='word_1_36' title='bbox 331 647 420 704; x_wconf 89' lang='lat' dir='ltr'><strong>quum</strong></span> <span class='ocrx_word' id='word_1_37' title='bbox 444 647 494 685; x_wconf 91' lang='lat' dir='ltr'><strong>vos</strong></span> <span class='ocrx_word' id='word_1_38' title='bbox 522 628 579 686; x_wconf 91' lang='lat' dir='ltr'><strong>duo</strong></span> <span class='ocrx_word' id='word_1_39' title='bbox 604 627 697 704; x_wconf 90' lang='lat' dir='ltr'><strong>delegi</strong></span> <span class='ocrx_word' id='word_1_40' title='bbox 720 648 793 705; x_wconf 90' lang='lat' dir='ltr'><strong>quos</strong></span> <span class='ocrx_word' id='word_1_41' title='bbox 819 630 972 707; x_wconf 87' lang='lat' dir='ltr'><strong>praecipue</strong></span> 
     </span>
     <span class='ocr_line' id='line_1_6' title="bbox 19 717 971 794; baseline 0.003 -19"><span class='ocrx_word' id='word_1_42' title='bbox 19 718 152 776; x_wconf 77' lang='lat' dir='ltr'>colerem</span> <span class='ocrx_word' id='word_1_43' title='bbox 167 723 198 775; x_wconf 89' lang='lat' dir='ltr'><strong>et</strong></span> <span class='ocrx_word' id='word_1_44' title='bbox 212 717 318 794; x_wconf 92' lang='lat' dir='ltr'><strong>quibus</strong></span> <span class='ocrx_word' id='word_1_45' title='bbox 337 737 430 775; x_wconf 89' lang='lat' dir='ltr'><strong>essem</strong></span> <span class='ocrx_word' id='word_1_46' title='bbox 452 717 527 776; x_wconf 89' lang='lat' dir='ltr'><strong>sicut</strong></span> <span class='ocrx_word' id='word_1_47' title='bbox 546 738 611 776; x_wconf 92' lang='lat' dir='ltr'><strong>sum</strong></span> <span class='ocrx_word' id='word_1_48' title='bbox 625 718 823 777; x_wconf 81' lang='lat' dir='ltr'><strong>amicissimus.</strong></span> <span class='ocrx_word' id='word_1_49' title='bbox 865 719 971 793; x_wconf 75' lang='lat' dir='ltr'><strong>Quam-</strong></span> 
     </span>
     <span class='ocr_line' id='line_1_7' title="bbox 19 806 972 886; baseline 0.003 -21"><span class='ocrx_word' id='word_1_50' title='bbox 19 808 126 866; x_wconf 85' lang='lat' dir='ltr'>obrem</span> <span class='ocrx_word' id='word_1_51' title='bbox 149 827 169 865; x_wconf 84' lang='lat' dir='ltr'><strong>a</strong></span> <span class='ocrx_word' id='word_1_52' title='bbox 187 813 219 866; x_wconf 90' lang='lat' dir='ltr'><strong>te</strong></span> <span class='ocrx_word' id='word_1_53' title='bbox 239 813 309 884; x_wconf 90' lang='lat' dir='ltr'><strong>peto</strong></span> <span class='ocrx_word' id='word_1_54' title='bbox 326 808 373 866; x_wconf 89' lang='lat' dir='ltr'><strong>vel</strong></span> <span class='ocrx_word' id='word_1_55' title='bbox 390 806 488 885; x_wconf 90' lang='lat' dir='ltr'><strong>potius</strong></span> <span class='ocrx_word' id='word_1_56' title='bbox 510 808 643 867; x_wconf 90' lang='lat' dir='ltr'><strong>omnibus</strong></span> <span class='ocrx_word' id='word_1_57' title='bbox 663 808 798 886; x_wconf 90' lang='lat' dir='ltr'><strong>precibus</strong></span> <span class='ocrx_word' id='word_1_58' title='bbox 819 814 850 867; x_wconf 90' lang='lat' dir='ltr'><strong>te</strong></span> <span class='ocrx_word' id='word_1_59' title='bbox 870 828 921 867; x_wconf 86' lang='lat' dir='ltr'><strong>oro</strong></span> <span class='ocrx_word' id='word_1_60' title='bbox 941 815 972 868; x_wconf 93' lang='lat' dir='ltr'><strong>et</strong></span> 
     </span>
     <span class='ocr_line' id='line_1_8' title="bbox 19 897 971 976; baseline 0.002 -20"><span class='ocrx_word' id='word_1_61' title='bbox 19 899 160 957; x_wconf 90' lang='lat' dir='ltr'><strong>obtestor</strong></span> <span class='ocrx_word' id='word_1_62' title='bbox 173 904 209 956; x_wconf 92' lang='lat' dir='ltr'><strong>ut</strong></span> <span class='ocrx_word' id='word_1_63' title='bbox 227 897 260 955; x_wconf 90' lang='lat' dir='ltr'><strong>in</strong></span> <span class='ocrx_word' id='word_1_64' title='bbox 278 897 338 956; x_wconf 89' lang='lat' dir='ltr'><strong>tuis</strong></span> <span class='ocrx_word' id='word_1_65' title='bbox 359 897 490 956; x_wconf 76' lang='lat' dir='ltr'><strong>maximis</strong></span> <span class='ocrx_word' id='word_1_66' title='bbox 510 898 587 956; x_wconf 86' lang='lat' dir='ltr'><strong>curis</strong></span> <span class='ocrx_word' id='word_1_67' title='bbox 607 898 716 975; x_wconf 87' lang='lat' dir='ltr'><strong>aliquid</strong></span> <span class='ocrx_word' id='word_1_68' title='bbox 734 898 882 976; x_wconf 78' lang='lat' dir='ltr'><strong>impertias</strong></span> <span class='ocrx_word' id='word_1_69' title='bbox 899 905 971 958; x_wconf 92' lang='lat' dir='ltr'><strong>tem-</strong></span> 
     </span>
     <span class='ocr_line' id='line_1_9' title="bbox 19 987 970 1066; baseline 0.002 -20"><span class='ocrx_word' id='word_1_70' title='bbox 19 989 103 1066; x_wconf 89' lang='lat' dir='ltr'><strong>poris</strong></span> <span class='ocrx_word' id='word_1_71' title='bbox 123 988 196 1046; x_wconf 90' lang='lat' dir='ltr'><strong>huic</strong></span> <span class='ocrx_word' id='word_1_72' title='bbox 210 1008 325 1066; x_wconf 90' lang='lat' dir='ltr'><strong>quoque</strong></span> <span class='ocrx_word' id='word_1_73' title='bbox 343 987 521 1064; x_wconf 75' lang='lat' dir='ltr'><strong>cogitationi,</strong></span> <span class='ocrx_word' id='word_1_74' title='bbox 535 993 570 1046; x_wconf 94' lang='lat' dir='ltr'><strong>ut</strong></span> <span class='ocrx_word' id='word_1_75' title='bbox 587 994 640 1046; x_wconf 93' lang='lat' dir='ltr'><strong>tuo</strong></span> <span class='ocrx_word' id='word_1_76' title='bbox 658 989 797 1048; x_wconf 86' lang='lat' dir='ltr'><strong>beneficio</strong></span> <span class='ocrx_word' id='word_1_77' title='bbox 811 990 905 1048; x_wconf 91' lang='lat' dir='ltr'><strong>bonus</strong></span> <span class='ocrx_word' id='word_1_78' title='bbox 919 989 970 1061; x_wconf 87' lang='lat' dir='ltr'><strong>vir,</strong></span> 
     </span>
     <span class='ocr_line' id='line_1_10' title="bbox 18 1077 972 1155; baseline 0.003 -19"><span class='ocrx_word' id='word_1_79' title='bbox 18 1085 137 1153; x_wconf 83' lang='lat' dir='ltr'><strong>gratus,</strong></span> <span class='ocrx_word' id='word_1_80' title='bbox 160 1078 229 1155; x_wconf 90' lang='lat' dir='ltr'><strong>pius</strong></span> <span class='ocrx_word' id='word_1_81' title='bbox 252 1077 377 1155; x_wconf 91' lang='lat' dir='ltr'><strong>denique</strong></span> <span class='ocrx_word' id='word_1_82' title='bbox 399 1098 462 1136; x_wconf 89' lang='lat' dir='ltr'><strong>esse</strong></span> <span class='ocrx_word' id='word_1_83' title='bbox 486 1077 518 1135; x_wconf 92' lang='lat' dir='ltr'><strong>in</strong></span> <span class='ocrx_word' id='word_1_84' title='bbox 543 1078 659 1136; x_wconf 81' lang='lat' dir='ltr'><strong>maximi</strong></span> <span class='ocrx_word' id='word_1_85' title='bbox 681 1079 814 1136; x_wconf 86' lang='lat' dir='ltr'><strong>beneficii</strong></span> <span class='ocrx_word' id='word_1_86' title='bbox 835 1081 972 1138; x_wconf 87' lang='lat' dir='ltr'><strong>memoria</strong></span> 
     </span>
     <span class='ocr_line' id='line_1_11' title="bbox 18 1167 970 1249; baseline 0.004 -23"><span class='ocrx_word' id='word_1_87' title='bbox 18 1168 145 1245; x_wconf 89' lang='lat' dir='ltr'><strong>possim.</strong></span> <span class='ocrx_word' id='word_1_88' title='bbox 189 1167 274 1240; x_wconf 76' lang='lat' dir='ltr'><strong>Quae</strong></span> <span class='ocrx_word' id='word_1_89' title='bbox 296 1167 321 1224; x_wconf 87' lang='lat' dir='ltr'><strong>si</strong></span> <span class='ocrx_word' id='word_1_90' title='bbox 341 1173 458 1226; x_wconf 89' lang='lat' dir='ltr'><strong>tantum</strong></span> <span class='ocrx_word' id='word_1_91' title='bbox 476 1167 512 1225; x_wconf 86' lang='lat' dir='ltr'><strong>ad</strong></span> <span class='ocrx_word' id='word_1_92' title='bbox 532 1188 579 1225; x_wconf 91' lang='lat' dir='ltr'><strong>me</strong></span> <span class='ocrx_word' id='word_1_93' title='bbox 593 1168 688 1246; x_wconf 91' lang='lat' dir='ltr'><strong>ipsum</strong></span> <span class='ocrx_word' id='word_1_94' title='bbox 704 1169 893 1245; x_wconf 83' lang='lat' dir='ltr'><strong>pertinerent,</strong></span> <span class='ocrx_word' id='word_1_95' title='bbox 908 1191 970 1249; x_wconf 90' lang='lat' dir='ltr'><strong>spe·</strong></span> 
     </span>
     <span class='ocr_line' id='line_1_12' title="bbox 19 1257 971 1335; baseline 0.003 -19"><span class='ocrx_word' id='word_1_96' title='bbox 19 1277 119 1316; x_wconf 80' lang='lat' dir='ltr'><strong>rerem</strong></span> <span class='ocrx_word' id='word_1_97' title='bbox 133 1277 183 1315; x_wconf 91' lang='lat' dir='ltr'><strong>me</strong></span> <span class='ocrx_word' id='word_1_98' title='bbox 202 1277 220 1314; x_wconf 86' lang='lat' dir='ltr'><strong>a</strong></span> <span class='ocrx_word' id='word_1_99' title='bbox 238 1262 269 1315; x_wconf 89' lang='lat' dir='ltr'><strong>te</strong></span> <span class='ocrx_word' id='word_1_100' title='bbox 288 1262 388 1315; x_wconf 86' lang='lat' dir='ltr'><strong>tamen</strong></span> <span class='ocrx_word' id='word_1_101' title='bbox 403 1257 626 1335; x_wconf 86' lang='lat' dir='ltr'><strong>impetraturum</strong></span> <span class='ocrx_word' id='word_1_102' title='bbox 639 1283 646 1330; x_wconf 92' lang='lat'>;</span> <span class='ocrx_word' id='word_1_103' title='bbox 667 1258 727 1330; x_wconf 89' lang='lat' dir='ltr'><strong>sed,</strong></span> <span class='ocrx_word' id='word_1_104' title='bbox 741 1264 776 1316; x_wconf 90' lang='lat' dir='ltr'><strong>ut</strong></span> <span class='ocrx_word' id='word_1_105' title='bbox 794 1260 926 1335; x_wconf 83' lang='lat' dir='ltr'><strong>arbitror,</strong></span> <span class='ocrx_word' id='word_1_106' title='bbox 940 1268 971 1319; x_wconf 91' lang='lat' dir='ltr'><strong>et</strong></span> 
     </span>
     <span class='ocr_line' id='line_1_13' title="bbox 18 1346 970 1428; baseline 0.007 -24"><span class='ocrx_word' id='word_1_107' title='bbox 18 1347 58 1404; x_wconf 83' lang='lat' dir='ltr'><strong>ad</strong></span> <span class='ocrx_word' id='word_1_108' title='bbox 71 1353 161 1405; x_wconf 82' lang='lat' dir='ltr'><strong>tuam</strong></span> <span class='ocrx_word' id='word_1_109' title='bbox 178 1346 268 1405; x_wconf 89' lang='lat' dir='ltr'><strong>fidem</strong></span> <span class='ocrx_word' id='word_1_110' title='bbox 286 1352 316 1404; x_wconf 89' lang='lat' dir='ltr'><strong>et</strong></span> <span class='ocrx_word' id='word_1_111' title='bbox 336 1347 373 1405; x_wconf 87' lang='lat' dir='ltr'><strong>ad</strong></span> <span class='ocrx_word' id='word_1_112' title='bbox 392 1367 452 1405; x_wconf 87' lang='lat' dir='ltr'><strong>rem</strong></span> <span class='ocrx_word' id='word_1_113' title='bbox 471 1347 617 1426; x_wconf 78' lang='lat' dir='ltr'><strong>publicam</strong></span> <span class='ocrx_word' id='word_1_114' title='bbox 635 1349 764 1426; x_wconf 84' lang='lat' dir='ltr'><strong>pertinet</strong></span> <span class='ocrx_word' id='word_1_115' title='bbox 781 1369 828 1408; x_wconf 90' lang='lat' dir='ltr'><strong>me</strong></span> <span class='ocrx_word' id='word_1_116' title='bbox 841 1370 858 1409; x_wconf 90' lang='lat' dir='ltr'><strong>e</strong></span> <span class='ocrx_word' id='word_1_117' title='bbox 871 1352 970 1428; x_wconf 80' lang='lat' dir='ltr'><strong>paucis</strong></span> 
     </span>
     <span class='ocr_line' id='line_1_14' title="bbox 19 1436 971 1519; baseline 0.007 -25"><span class='ocrx_word' id='word_1_118' title='bbox 19 1441 51 1494; x_wconf 91' lang='lat' dir='ltr'><strong>et</strong></span> <span class='ocrx_word' id='word_1_119' title='bbox 65 1437 106 1495; x_wconf 85' lang='lat' dir='ltr'><strong>sd</strong></span> <span class='ocrx_word' id='word_1_120' title='bbox 125 1436 283 1514; x_wconf 87' lang='lat' dir='ltr'><strong>utriusque</strong></span> <span class='ocrx_word' id='word_1_121' title='bbox 296 1442 426 1495; x_wconf 87' lang='lat' dir='ltr'><strong>vestrum</strong></span> <span class='ocrx_word' id='word_1_122' title='bbox 444 1443 475 1496; x_wconf 89' lang='lat' dir='ltr'><strong>et</strong></span> <span class='ocrx_word' id='word_1_123' title='bbox 495 1437 532 1496; x_wconf 90' lang='lat' dir='ltr'><strong>ad</strong></span> <span class='ocrx_word' id='word_1_124' title='bbox 551 1437 656 1495; x_wconf 86' lang='lat' dir='ltr'><strong>civium</strong></span> <span class='ocrx_word' id='word_1_125' title='bbox 676 1440 857 1499; x_wconf 85' lang='lat' dir='ltr'><strong>concordiem</strong></span> <span class='ocrx_word' id='word_1_126' title='bbox 874 1448 971 1519; x_wconf 88' lang='lat' dir='ltr'><strong>perte</strong></span> 
     </span>
     <span class='ocr_line' id='line_1_15' title="bbox 18 1526 971 1606; baseline 0.006 -22"><span class='ocrx_word' id='word_1_127' title='bbox 18 1546 111 1603; x_wconf 86' lang='lat' dir='ltr'><strong>quam</strong></span> <span class='ocrx_word' id='word_1_128' title='bbox 131 1526 462 1584; x_wconf 83' lang='lat' dir='ltr'><strong>accommodatissimum</strong></span> <span class='ocrx_word' id='word_1_129' title='bbox 482 1528 654 1586; x_wconf 82' lang='lat' dir='ltr'><strong>conservari.</strong></span> <span class='ocrx_word' id='word_1_130' title='bbox 695 1529 759 1604; x_wconf 83' lang='lat' dir='ltr'><strong>Ego</strong></span> <span class='ocrx_word' id='word_1_131' title='bbox 776 1550 865 1606; x_wconf 90' lang='lat' dir='ltr'><strong>quum</strong></span> <span class='ocrx_word' id='word_1_132' title='bbox 885 1537 971 1590; x_wconf 80' lang='lat' dir='ltr'><strong>antea</strong></span> 
     </span>
     <span class='ocr_line' id='line_1_16' title="bbox 19 1615 970 1697; baseline 0.004 -23"><span class='ocrx_word' id='word_1_133' title='bbox 19 1617 77 1674; x_wconf 88' lang='lat' dir='ltr'><strong>tibi</strong></span> <span class='ocrx_word' id='word_1_134' title='bbox 97 1616 136 1676; x_wconf 90' lang='lat' dir='ltr'><strong>de</strong></span> <span class='ocrx_word' id='word_1_135' title='bbox 150 1615 282 1674; x_wconf 85' lang='lat' dir='ltr'><strong>Lentulo</strong></span> <span class='ocrx_word' id='word_1_136' title='bbox 303 1616 411 1692; x_wconf 81' lang='lat' dir='ltr'><strong>gratias</strong></span> <span class='ocrx_word' id='word_1_137' title='bbox 432 1617 564 1694; x_wconf 78' lang='lat' dir='ltr'><strong>egissem,</strong></span> <span class='ocrx_word' id='word_1_138' title='bbox 578 1637 667 1694; x_wconf 91' lang='lat' dir='ltr'><strong>quum</strong></span> <span class='ocrx_word' id='word_1_139' title='bbox 686 1617 713 1675; x_wconf 93' lang='lat' dir='ltr'><strong>ei</strong></span> <span class='ocrx_word' id='word_1_140' title='bbox 731 1619 819 1678; x_wconf 79' lang='lat' dir='ltr'><strong>saluti</strong></span> <span class='ocrx_word' id='word_1_141' title='bbox 832 1620 881 1697; x_wconf 93' lang='lat' dir='ltr'><strong>qui</strong></span> <span class='ocrx_word' id='word_1_142' title='bbox 900 1621 970 1678; x_wconf 90' lang='lat' dir='ltr'><strong>mihi</strong></span> 
     </span>
     <span class='ocr_line' id='line_1_17' title="bbox 18 1705 969 1786; baseline 0.005 -23"><span class='ocrx_word' id='word_1_143' title='bbox 18 1706 121 1766; x_wconf 80' lang='lat' dir='ltr'><strong>fuerat</strong></span> <span class='ocrx_word' id='word_1_144' title='bbox 139 1705 258 1776; x_wconf 86' lang='lat' dir='ltr'><strong>fuisses,</strong></span> <span class='ocrx_word' id='word_1_145' title='bbox 272 1710 371 1764; x_wconf 89' lang='lat' dir='ltr'><strong>tamen</strong></span> <span class='ocrx_word' id='word_1_146' title='bbox 389 1707 473 1764; x_wconf 86' lang='lat' dir='ltr'><strong>lectis</strong></span> <span class='ocrx_word' id='word_1_147' title='bbox 494 1707 558 1785; x_wconf 87' lang='lat' dir='ltr'><strong>ejus</strong></span> <span class='ocrx_word' id='word_1_148' title='bbox 578 1707 680 1779; x_wconf 88' lang='lat' dir='ltr'><strong>literis,</strong></span> <span class='ocrx_word' id='word_1_149' title='bbox 694 1727 765 1785; x_wconf 87' lang='lat' dir='ltr'><strong>quas</strong></span> <span class='ocrx_word' id='word_1_150' title='bbox 785 1710 822 1768; x_wconf 87' lang='lat' dir='ltr'><strong>ad</strong></span> <span class='ocrx_word' id='word_1_151' title='bbox 842 1729 888 1768; x_wconf 91' lang='lat' dir='ltr'><strong>me</strong></span> <span class='ocrx_word' id='word_1_152' title='bbox 907 1730 969 1786; x_wconf 88' lang='lat' dir='ltr'><strong>gra·</strong></span> 
     </span>
     <span class='ocr_line' id='line_1_18' title="bbox 19 1795 969 1876; baseline 0.004 -21"><span class='ocrx_word' id='word_1_153' title='bbox 19 1796 139 1856; x_wconf 84' lang='lat' dir='ltr'><strong>tissime</strong></span> <span class='ocrx_word' id='word_1_154' title='bbox 153 1796 253 1854; x_wconf 89' lang='lat' dir='ltr'><strong>animo</strong></span> <span class='ocrx_word' id='word_1_155' title='bbox 270 1795 305 1854; x_wconf 92' lang='lat' dir='ltr'><strong>de</strong></span> <span class='ocrx_word' id='word_1_156' title='bbox 326 1800 379 1854; x_wconf 89' lang='lat' dir='ltr'><strong>tua</strong></span> <span class='ocrx_word' id='word_1_157' title='bbox 397 1797 571 1856; x_wconf 83' lang='lat' dir='ltr'><strong>liberalitate</strong></span> <span class='ocrx_word' id='word_1_158' title='bbox 590 1798 786 1876; x_wconf 88' lang='lat' dir='ltr'><strong>beneficioque</strong></span> <span class='ocrx_word' id='word_1_159' title='bbox 800 1799 887 1873; x_wconf 82' lang='lat' dir='ltr'><strong>misit,</strong></span> <span class='ocrx_word' id='word_1_160' title='bbox 904 1819 969 1859; x_wconf 88' lang='lat' dir='ltr'><strong>ean·</strong></span> 
     </span>
     <span class='ocr_line' id='line_1_19' title="bbox 20 1885 969 1969; baseline 0.006 -25"><span class='ocrx_word' id='word_1_161' title='bbox 20 1886 90 1944; x_wconf 91' lang='lat' dir='ltr'><strong>dem</strong></span> <span class='ocrx_word' id='word_1_162' title='bbox 103 1906 154 1944; x_wconf 92' lang='lat' dir='ltr'><strong>me</strong></span> <span class='ocrx_word' id='word_1_163' title='bbox 169 1885 293 1943; x_wconf 85' lang='lat' dir='ltr'><strong>salutem</strong></span> <span class='ocrx_word' id='word_1_164' title='bbox 307 1906 324 1943; x_wconf 89' lang='lat' dir='ltr'><strong>a</strong></span> <span class='ocrx_word' id='word_1_165' title='bbox 337 1891 368 1944; x_wconf 92' lang='lat' dir='ltr'><strong>te</strong></span> <span class='ocrx_word' id='word_1_166' title='bbox 382 1887 526 1964; x_wconf 85' lang='lat' dir='ltr'><strong>accepisse</strong></span> <span class='ocrx_word' id='word_1_167' title='bbox 539 1889 640 1965; x_wconf 84' lang='lat' dir='ltr'><strong>putavi</strong></span> <span class='ocrx_word' id='word_1_168' title='bbox 654 1909 740 1966; x_wconf 85' lang='lat' dir='ltr'><strong>quam</strong></span> <span class='ocrx_word' id='word_1_169' title='bbox 753 1890 818 1962; x_wconf 89' lang='lat' dir='ltr'><strong>ille;</strong></span> <span class='ocrx_word' id='word_1_170' title='bbox 837 1891 870 1950; x_wconf 90' lang='lat' dir='ltr'><strong>in</strong></span> <span class='ocrx_word' id='word_1_171' title='bbox 884 1911 969 1969; x_wconf 88' lang='lat' dir='ltr'><strong>quem</strong></span> 
     </span>
     <span class='ocr_line' id='line_1_20' title="bbox 20 1973 969 2054; baseline 0.008 -22"><span class='ocrx_word' id='word_1_172' title='bbox 20 1975 46 2032; x_wconf 89' lang='lat' dir='ltr'><strong>si</strong></span> <span class='ocrx_word' id='word_1_173' title='bbox 67 1995 117 2034; x_wconf 91' lang='lat' dir='ltr'><strong>me</strong></span> <span class='ocrx_word' id='word_1_174' title='bbox 137 1973 280 2050; x_wconf 88' lang='lat' dir='ltr'><strong>intelligis</strong></span> <span class='ocrx_word' id='word_1_175' title='bbox 302 1994 365 2033; x_wconf 90' lang='lat' dir='ltr'><strong>esse</strong></span> <span class='ocrx_word' id='word_1_176' title='bbox 387 1981 512 2054; x_wconf 84' lang='lat' dir='ltr'><strong>gratum,</strong></span> <span class='ocrx_word' id='word_1_177' title='bbox 532 1997 609 2050; x_wconf 87' lang='lat' dir='ltr'><strong>cura,</strong></span> <span class='ocrx_word' id='word_1_178' title='bbox 628 1979 756 2053; x_wconf 87' lang='lat' dir='ltr'><strong>obsecro,</strong></span> <span class='ocrx_word' id='word_1_179' title='bbox 776 1987 810 2040; x_wconf 89' lang='lat' dir='ltr'><strong>ut</strong></span> <span class='ocrx_word' id='word_1_180' title='bbox 830 1982 918 2042; x_wconf 89' lang='lat' dir='ltr'><strong>etiam</strong></span> <span class='ocrx_word' id='word_1_181' title='bbox 937 1981 969 2040; x_wconf 89' lang='lat' dir='ltr'><strong>in</strong></span> 
     </span>
     <span class='ocr_line' id='line_1_21' title="bbox 20 2065 407 2144; baseline 0 -20"><span class='ocrx_word' id='word_1_182' title='bbox 20 2065 201 2144; x_wconf 88' lang='lat' dir='ltr'><strong>Pompeium</strong></span> <span class='ocrx_word' id='word_1_183' title='bbox 214 2084 277 2124; x_wconf 86' lang='lat' dir='ltr'><strong>esse</strong></span> <span class='ocrx_word' id='word_1_184' title='bbox 289 2065 407 2143; x_wconf 89' lang='lat' dir='ltr'><strong>possim.</strong></span> 
     </span>
    </p>
   </div>
   <div class='ocr_carea' id='block_1_3' title="bbox 19 2260 970 3324">
    <p class='ocr_par' dir='ltr' id='par_1_3' title="bbox 19 2260 970 3140">
     <span class='ocr_line' id='line_1_22' title="bbox 53 2260 968 2324; baseline 0.007 -16"><span class='ocrx_word' id='word_1_185' title='bbox 53 2261 162 2322; x_wconf 72' lang='lat' dir='ltr'><strong>Aliquot</strong></span> <span class='ocrx_word' id='word_1_186' title='bbox 177 2260 240 2306; x_wconf 77' lang='lat' dir='ltr'><strong>enim</strong></span> <span class='ocrx_word' id='word_1_187' title='bbox 255 2264 312 2308; x_wconf 74' lang='lat' dir='ltr'><strong>rent</strong></span> <span class='ocrx_word' id='word_1_188' title='bbox 328 2263 385 2308; x_wconf 79' lang='lat' dir='ltr'><strong>anni</strong></span> <span class='ocrx_word' id='word_1_189' title='bbox 396 2262 481 2323; x_wconf 81' lang='lat' dir='ltr'><strong>qaam]</strong></span> <span class='ocrx_word' id='word_1_190' title='bbox 516 2261 609 2320; x_wconf 77' lang='lat' dir='ltr'><strong>Caesar,</strong></span> <span class='ocrx_word' id='word_1_191' title='bbox 627 2262 670 2310; x_wconf 89' lang='lat' dir='ltr'><strong>but</strong></span> <span class='ocrx_word' id='word_1_192' title='bbox 685 2268 726 2324; x_wconf 83' lang='lat' dir='ltr'><strong>yet</strong></span> <span class='ocrx_word' id='word_1_193' title='bbox 741 2268 784 2311; x_wconf 90' lang='lat' dir='ltr'><strong>not</strong></span> <span class='ocrx_word' id='word_1_194' title='bbox 799 2268 825 2312; x_wconf 90' lang='lat' dir='ltr'><strong>to</strong></span> <span class='ocrx_word' id='word_1_195' title='bbox 840 2269 879 2313; x_wconf 83' lang='lat' dir='ltr'><strong>sot</strong></span> <span class='ocrx_word' id='word_1_196' title='bbox 893 2281 919 2314; x_wconf 87' lang='lat' dir='ltr'><strong>so</strong></span> <span class='ocrx_word' id='word_1_197' title='bbox 932 2271 968 2314; x_wconf 89' lang='lat' dir='ltr'><strong>to·</strong></span> 
     </span>
     <span class='ocr_line' id='line_1_23' title="bbox 20 2324 969 2386; baseline 0.007 -16"><span class='ocrx_word' id='word_1_198' title='bbox 20 2324 106 2370; x_wconf 83' lang='lat' dir='ltr'><strong>“Itis</strong></span> <span class='ocrx_word' id='word_1_199' title='bbox 117 2338 174 2370; x_wconf 92' lang='lat' dir='ltr'><strong>now</strong></span> <span class='ocrx_word' id='word_1_200' title='bbox 185 2337 251 2369; x_wconf 85' lang='lat' dir='ltr'><strong>some</strong></span> <span class='ocrx_word' id='word_1_201' title='bbox 261 2338 328 2384; x_wconf 65' lang='lat' dir='ltr'><strong>years</strong></span> <span class='ocrx_word' id='word_1_202' title='bbox 338 2325 427 2382; x_wconf 83' lang='lat' dir='ltr'><strong>since,&#39;&#39;</strong></span> <span class='ocrx_word' id='word_1_203' title='bbox 439 2329 483 2372; x_wconf 78' lang='lat' dir='ltr'><strong>&amp;c</strong></span> <span class='ocrx_word' id='word_1_204' title='bbox 515 2326 590 2373; x_wconf 80' lang='lat' dir='ltr'><strong>warde</strong></span> <span class='ocrx_word' id='word_1_205' title='bbox 608 2327 732 2386; x_wconf 88' lang='lat' dir='ltr'><strong>Pompeius</strong></span> <span class='ocrx_word' id='word_1_206' title='bbox 749 2343 774 2374; x_wconf 83' lang='lat' dir='ltr'><strong>ss</strong></span> <span class='ocrx_word' id='word_1_207' title='bbox 792 2334 818 2375; x_wconf 91' lang='lat' dir='ltr'><strong>to</strong></span> <span class='ocrx_word' id='word_1_208' title='bbox 840 2330 907 2376; x_wconf 88' lang='lat' dir='ltr'><strong>incur</strong></span> <span class='ocrx_word' id='word_1_209' title='bbox 927 2331 969 2377; x_wconf 80' lang='lat' dir='ltr'><strong>the</strong></span> 
     </span>
     <span class='ocr_line' id='line_1_24' title="bbox 19 2385 969 2449; baseline 0.006 -15"><span class='ocrx_word' id='word_1_210' title='bbox 19 2402 46 2434; x_wconf 84' lang='lat' dir='ltr'><strong>ss</strong></span> <span class='ocrx_word' id='word_1_211' title='bbox 58 2402 95 2434; x_wconf 90' lang='lat' dir='ltr'><strong>we</strong></span> <span class='ocrx_word' id='word_1_212' title='bbox 107 2401 159 2446; x_wconf 77' lang='lat' dir='ltr'><strong>say.</strong></span> <span class='ocrx_word' id='word_1_213' title='bbox 194 2385 297 2436; x_wconf 78' lang='lat' dir='ltr'><strong>‘Quum&#39;</strong></span> <span class='ocrx_word' id='word_1_214' title='bbox 312 2388 332 2433; x_wconf 89' lang='lat' dir='ltr'><strong>is</strong></span> <span class='ocrx_word' id='word_1_215' title='bbox 349 2389 484 2434; x_wconf 83' lang='lat' dir='ltr'><strong>sometimes</strong></span> <span class='ocrx_word' id='word_1_216' title='bbox 515 2389 600 2448; x_wconf 87' lang='lat' dir='ltr'><strong>charge</strong></span> <span class='ocrx_word' id='word_1_217' title='bbox 610 2389 637 2435; x_wconf 83' lang='lat' dir='ltr'><strong>os</strong></span> <span class='ocrx_word' id='word_1_218' title='bbox 649 2390 791 2449; x_wconf 81' lang='lat' dir='ltr'><strong>ingratitudo</strong></span> <span class='ocrx_word' id='word_1_219' title='bbox 801 2397 826 2438; x_wconf 93' lang='lat' dir='ltr'><strong>to</strong></span> <span class='ocrx_word' id='word_1_220' title='bbox 837 2393 895 2439; x_wconf 91' lang='lat' dir='ltr'><strong>him.</strong></span> <span class='ocrx_word' id='word_1_221' title='bbox 929 2393 969 2440; x_wconf 88' lang='lat' dir='ltr'><strong>He</strong></span> 
     </span>
     <span class='ocr_line' id='line_1_25' title="bbox 20 2448 968 2516; baseline 0.008 -21"><span class='ocrx_word' id='word_1_222' title='bbox 20 2451 79 2496; x_wconf 83' lang='lat' dir='ltr'><strong>thus</strong></span> <span class='ocrx_word' id='word_1_223' title='bbox 94 2448 156 2496; x_wconf 89' lang='lat' dir='ltr'><strong>used</strong></span> <span class='ocrx_word' id='word_1_224' title='bbox 176 2451 202 2494; x_wconf 91' lang='lat' dir='ltr'><strong>to</strong></span> <span class='ocrx_word' id='word_1_225' title='bbox 217 2463 312 2510; x_wconf 83' lang='lat' dir='ltr'><strong>express</strong></span> <span class='ocrx_word' id='word_1_226' title='bbox 327 2465 343 2496; x_wconf 85' lang='lat' dir='ltr'><strong>s</strong></span> <span class='ocrx_word' id='word_1_227' title='bbox 358 2452 439 2511; x_wconf 89' lang='lat' dir='ltr'><strong>period</strong></span> <span class='ocrx_word' id='word_1_228' title='bbox 459 2449 487 2496; x_wconf 82' lang='lat' dir='ltr'><strong>of</strong></span> <span class='ocrx_word' id='word_1_229' title='bbox 515 2452 598 2497; x_wconf 80' lang='lat' dir='ltr'><strong>wishes</strong></span> <span class='ocrx_word' id='word_1_230' title='bbox 616 2457 642 2498; x_wconf 87' lang='lat' dir='ltr'><strong>to</strong></span> <span class='ocrx_word' id='word_1_231' title='bbox 660 2452 690 2498; x_wconf 87' lang='lat' dir='ltr'><strong>be</strong></span> <span class='ocrx_word' id='word_1_232' title='bbox 708 2455 807 2501; x_wconf 84' lang='lat' dir='ltr'><strong>excused</strong></span> <span class='ocrx_word' id='word_1_233' title='bbox 829 2457 923 2516; x_wconf 79' lang='lat' dir='ltr'><strong>coming</strong></span> <span class='ocrx_word' id='word_1_234' title='bbox 942 2461 968 2504; x_wconf 93' lang='lat' dir='ltr'><strong>to</strong></span> 
     </span>
     <span class='ocr_line' id='line_1_26' title="bbox 20 2512 969 2579; baseline 0.008 -21"><span class='ocrx_word' id='word_1_235' title='bbox 20 2513 82 2559; x_wconf 87' lang='lat' dir='ltr'><strong>time</strong></span> <span class='ocrx_word' id='word_1_236' title='bbox 96 2515 154 2572; x_wconf 84' lang='lat' dir='ltr'><strong>psst</strong></span> <span class='ocrx_word' id='word_1_237' title='bbox 170 2525 204 2571; x_wconf 87' lang='lat' dir='ltr'><strong>up</strong></span> <span class='ocrx_word' id='word_1_238' title='bbox 215 2515 240 2556; x_wconf 82' lang='lat' dir='ltr'><strong>to</strong></span> <span class='ocrx_word' id='word_1_239' title='bbox 257 2512 297 2558; x_wconf 89' lang='lat' dir='ltr'><strong>the</strong></span> <span class='ocrx_word' id='word_1_240' title='bbox 311 2519 407 2573; x_wconf 85' lang='lat' dir='ltr'><strong>present</strong></span> <span class='ocrx_word' id='word_1_241' title='bbox 417 2515 483 2560; x_wconf 81' lang='lat' dir='ltr'><strong>time.</strong></span> <span class='ocrx_word' id='word_1_242' title='bbox 516 2514 600 2571; x_wconf 85' lang='lat' dir='ltr'><strong>Rome,</strong></span> <span class='ocrx_word' id='word_1_243' title='bbox 620 2516 697 2561; x_wconf 87' lang='lat' dir='ltr'><strong>where</strong></span> <span class='ocrx_word' id='word_1_244' title='bbox 714 2531 831 2565; x_wconf 69' lang='lat' dir='ltr'><strong>mensures</strong></span> <span class='ocrx_word' id='word_1_245' title='bbox 848 2519 924 2579; x_wconf 89' lang='lat' dir='ltr'><strong>might</strong></span> <span class='ocrx_word' id='word_1_246' title='bbox 939 2519 969 2566; x_wconf 90' lang='lat' dir='ltr'><strong>be</strong></span> 
     </span>
     <span class='ocr_line' id='line_1_27' title="bbox 20 2574 968 2639; baseline 0.007 -18"><span class='ocrx_word' id='word_1_247' title='bbox 20 2575 75 2621; x_wconf 77' lang='grc' dir='ltr'><strong>ΤΙιο</strong></span> <span class='ocrx_word' id='word_1_248' title='bbox 99 2574 194 2621; x_wconf 84' lang='lat' dir='ltr'><strong>French</strong></span> <span class='ocrx_word' id='word_1_249' title='bbox 216 2574 275 2621; x_wconf 79' lang='lat' dir='ltr'><strong>have</strong></span> <span class='ocrx_word' id='word_1_250' title='bbox 292 2575 334 2622; x_wconf 88' lang='lat' dir='ltr'><strong>the</strong></span> <span class='ocrx_word' id='word_1_251' title='bbox 356 2591 421 2623; x_wconf 84' lang='lat' dir='ltr'><strong>sams</strong></span> <span class='ocrx_word' id='word_1_252' title='bbox 443 2590 483 2621; x_wconf 84' lang='lat' dir='ltr'><strong>ex-</strong></span> <span class='ocrx_word' id='word_1_253' title='bbox 515 2577 586 2623; x_wconf 82' lang='lat' dir='ltr'><strong>taken</strong></span> <span class='ocrx_word' id='word_1_254' title='bbox 604 2578 695 2637; x_wconf 73' lang='lat' dir='ltr'><strong>against</strong></span> <span class='ocrx_word' id='word_1_255' title='bbox 706 2579 839 2639; x_wconf 87' lang='lat' dir='ltr'><strong>Pompeius,</strong></span> <span class='ocrx_word' id='word_1_256' title='bbox 856 2582 968 2628; x_wconf 86' lang='lat' dir='ltr'><strong>towhich</strong></span> 
     </span>
     <span class='ocr_line' id='line_1_28' title="bbox 21 2635 969 2706; baseline 0.008 -22"><span class='ocrx_word' id='word_1_257' title='bbox 21 2638 133 2697; x_wconf 85' lang='lat' dir='ltr'><strong>pression</strong></span> <span class='ocrx_word' id='word_1_258' title='bbox 147 2635 203 2682; x_wconf 86' lang='lat' dir='ltr'><strong>with</strong></span> <span class='ocrx_word' id='word_1_259' title='bbox 220 2638 304 2698; x_wconf 71' lang='lat' dir='ltr'><strong>‘qne3’</strong></span> <span class='ocrx_word' id='word_1_260' title='bbox 324 2639 361 2684; x_wconf 82' lang='lat' dir='ltr'><strong>for</strong></span> <span class='ocrx_word' id='word_1_261' title='bbox 376 2641 418 2686; x_wconf 91' lang='lat' dir='ltr'><strong>the</strong></span> <span class='ocrx_word' id='word_1_262' title='bbox 433 2643 485 2684; x_wconf 83' lang='lat' dir='ltr'><strong>text</strong></span> <span class='ocrx_word' id='word_1_263' title='bbox 516 2639 546 2685; x_wconf 90' lang='lat' dir='ltr'><strong>he</strong></span> <span class='ocrx_word' id='word_1_264' title='bbox 554 2641 622 2686; x_wconf 92' lang='lat' dir='ltr'><strong>could</strong></span> <span class='ocrx_word' id='word_1_265' title='bbox 630 2647 674 2686; x_wconf 92' lang='lat' dir='ltr'><strong>not</strong></span> <span class='ocrx_word' id='word_1_266' title='bbox 681 2641 808 2703; x_wconf 82' lang='lat' dir='ltr'><strong>beaparty</strong></span> <span class='ocrx_word' id='word_1_267' title='bbox 816 2645 969 2706; x_wconf 82' lang='lat' dir='ltr'><strong>consistently</strong></span> 
     </span>
     <span class='ocr_line' id='line_1_29' title="bbox 21 2700 802 2762; baseline 0.008 -17"><span class='ocrx_word' id='word_1_268' title='bbox 21 2701 102 2760; x_wconf 86' lang='lat' dir='ltr'><strong>might</strong></span> <span class='ocrx_word' id='word_1_269' title='bbox 119 2700 151 2746; x_wconf 89' lang='lat' dir='ltr'><strong>be</strong></span> <span class='ocrx_word' id='word_1_270' title='bbox 166 2700 294 2746; x_wconf 69' lang='lat' dir='ltr'><strong>manslated</strong></span> <span class='ocrx_word' id='word_1_271' title='bbox 306 2701 346 2746; x_wconf 88' lang='lat' dir='ltr'><strong>“il</strong></span> <span class='ocrx_word' id='word_1_272' title='bbox 361 2716 401 2761; x_wconf 83' lang='lat' dir='ltr'><strong>ys</strong></span> <span class='ocrx_word' id='word_1_273' title='bbox 416 2701 483 2762; x_wconf 87' lang='lat' dir='ltr'><strong>quel·</strong></span> <span class='ocrx_word' id='word_1_274' title='bbox 515 2703 572 2748; x_wconf 91' lang='lat' dir='ltr'><strong>with</strong></span> <span class='ocrx_word' id='word_1_275' title='bbox 582 2703 734 2762; x_wconf 82' lang='lat' dir='ltr'><strong>gratitudeto</strong></span> <span class='ocrx_word' id='word_1_276' title='bbox 745 2705 802 2751; x_wconf 92' lang='lat' dir='ltr'><strong>him.</strong></span> 
     </span>
     <span class='ocr_line' id='line_1_30' title="bbox 22 2760 968 2825; baseline 0.01 -17"><span class='ocrx_word' id='word_1_277' title='bbox 22 2778 83 2823; x_wconf 86' lang='lat' dir='ltr'><strong>ques</strong></span> <span class='ocrx_word' id='word_1_278' title='bbox 92 2760 183 2808; x_wconf 72' lang='lat' dir='ltr'><strong>snnees</strong></span> <span class='ocrx_word' id='word_1_279' title='bbox 194 2763 271 2822; x_wconf 82' lang='lat' dir='ltr'><strong>queje</strong></span> <span class='ocrx_word' id='word_1_280' title='bbox 282 2778 320 2809; x_wconf 91' lang='lat' dir='ltr'><strong>me</strong></span> <span class='ocrx_word' id='word_1_281' title='bbox 331 2763 379 2811; x_wconf 88' lang='lat' dir='ltr'><strong>suis</strong></span> <span class='ocrx_word' id='word_1_282' title='bbox 390 2761 484 2811; x_wconf 75' lang='lat' dir='ltr'><strong>atteche</strong></span> <span class='ocrx_word' id='word_1_283' title='bbox 547 2765 662 2825; x_wconf 79' lang='lat' dir='ltr'><strong>Lentulo]</strong></span> <span class='ocrx_word' id='word_1_284' title='bbox 706 2766 732 2812; x_wconf 91' lang='lat' dir='ltr'><strong>P.</strong></span> <span class='ocrx_word' id='word_1_285' title='bbox 756 2767 878 2816; x_wconf 83' lang='lat' dir='ltr'><strong>Cornelius</strong></span> <span class='ocrx_word' id='word_1_286' title='bbox 905 2769 968 2817; x_wconf 87' lang='lat' dir='ltr'><strong>Len-</strong></span> 
     </span>
     <span class='ocr_line' id='line_1_31' title="bbox 22 2823 970 2893; baseline 0.011 -21"><span class='ocrx_word' id='word_1_287' title='bbox 22 2824 119 2872; x_wconf 73' lang='lat' dir='ltr'><strong>hvous</strong></span> <span class='ocrx_word' id='word_1_288' title='bbox 138 2823 226 2870; x_wconf 83' lang='lat' dir='ltr'><strong>deux.&#39;&#39;</strong></span> <span class='ocrx_word' id='word_1_289' title='bbox 259 2826 336 2872; x_wconf 77' lang='lat' dir='ltr'><strong>There</strong></span> <span class='ocrx_word' id='word_1_290' title='bbox 354 2827 374 2873; x_wconf 89' lang='lat' dir='ltr'><strong>is</strong></span> <span class='ocrx_word' id='word_1_291' title='bbox 390 2842 422 2874; x_wconf 84' lang='lat' dir='ltr'><strong>sn</strong></span> <span class='ocrx_word' id='word_1_292' title='bbox 444 2840 484 2872; x_wconf 87' lang='lat' dir='ltr'><strong>ex·</strong></span> <span class='ocrx_word' id='word_1_293' title='bbox 516 2827 580 2873; x_wconf 88' lang='lat' dir='ltr'><strong>tulus</strong></span> <span class='ocrx_word' id='word_1_294' title='bbox 595 2828 706 2887; x_wconf 84' lang='lat' dir='ltr'><strong>Spinther</strong></span> <span class='ocrx_word' id='word_1_295' title='bbox 717 2843 764 2874; x_wconf 85' lang='lat' dir='ltr'><strong>was</strong></span> <span class='ocrx_word' id='word_1_296' title='bbox 781 2832 850 2878; x_wconf 86' lang='lat' dir='ltr'><strong>made</strong></span> <span class='ocrx_word' id='word_1_297' title='bbox 864 2833 970 2893; x_wconf 84' lang='lat' dir='ltr'><strong>prisoner</strong></span> 
     </span>
     <span class='ocr_line' id='line_1_32' title="bbox 22 2886 968 2956; baseline 0.007 -21"><span class='ocrx_word' id='word_1_298' title='bbox 22 2889 105 2948; x_wconf 83' lang='lat' dir='ltr'><strong>ample</strong></span> <span class='ocrx_word' id='word_1_299' title='bbox 122 2887 150 2934; x_wconf 79' lang='lat' dir='ltr'><strong>of</strong></span> <span class='ocrx_word' id='word_1_300' title='bbox 164 2886 260 2947; x_wconf 82' lang='lat' dir='ltr'><strong>‘quum&#39;</strong></span> <span class='ocrx_word' id='word_1_301' title='bbox 271 2889 296 2934; x_wconf 89' lang='lat' dir='ltr'><strong>in</strong></span> <span class='ocrx_word' id='word_1_302' title='bbox 312 2889 360 2935; x_wconf 87' lang='lat' dir='ltr'><strong>this</strong></span> <span class='ocrx_word' id='word_1_303' title='bbox 377 2903 445 2936; x_wconf 88' lang='lat' dir='ltr'><strong>sense</strong></span> <span class='ocrx_word' id='word_1_304' title='bbox 457 2888 483 2934; x_wconf 90' lang='lat' dir='ltr'><strong>in</strong></span> <span class='ocrx_word' id='word_1_305' title='bbox 515 2889 539 2935; x_wconf 90' lang='lat' dir='ltr'><strong>in</strong></span> <span class='ocrx_word' id='word_1_306' title='bbox 550 2889 680 2936; x_wconf 85' lang='lat' dir='ltr'><strong>Corfinium</strong></span> <span class='ocrx_word' id='word_1_307' title='bbox 694 2891 725 2951; x_wconf 85' lang='lat' dir='ltr'><strong>by</strong></span> <span class='ocrx_word' id='word_1_308' title='bbox 737 2891 822 2940; x_wconf 73' lang='lat' dir='ltr'><strong>Caesar</strong></span> <span class='ocrx_word' id='word_1_309' title='bbox 834 2893 904 2956; x_wconf 89' lang='lat' dir='ltr'><strong>(Bell.</strong></span> <span class='ocrx_word' id='word_1_310' title='bbox 918 2897 968 2944; x_wconf 81' lang='lat' dir='ltr'><strong>civ.</strong></span> 
     </span>
     <span class='ocr_line' id='line_1_33' title="bbox 24 2949 969 3014; baseline 0.012 -18"><span class='ocrx_word' id='word_1_311' title='bbox 24 2951 117 3006; x_wconf 84' lang='lat' dir='ltr'><strong>Cicero,</strong></span> <span class='ocrx_word' id='word_1_312' title='bbox 135 2950 174 2997; x_wconf 88' lang='lat' dir='ltr'><strong>De</strong></span> <span class='ocrx_word' id='word_1_313' title='bbox 191 2949 270 2998; x_wconf 74' lang='lat' dir='ltr'><strong>Dicin.</strong></span> <span class='ocrx_word' id='word_1_314' title='bbox 288 2951 312 2996; x_wconf 88' lang='lat' dir='ltr'><strong>ii.</strong></span> <span class='ocrx_word' id='word_1_315' title='bbox 327 2954 373 3010; x_wconf 81' lang='grc'><strong>36;</strong></span> <span class='ocrx_word' id='word_1_316' title='bbox 388 2953 481 3007; x_wconf 77' lang='lat' dir='ltr'><strong>caesar,</strong></span> <span class='ocrx_word' id='word_1_317' title='bbox 514 2952 530 2998; x_wconf 90' lang='lat' dir='ltr'><strong>i.</strong></span> <span class='ocrx_word' id='word_1_318' title='bbox 542 2951 584 3014; x_wconf 83' lang='lat'><strong>23)</strong></span> <span class='ocrx_word' id='word_1_319' title='bbox 595 2952 641 2999; x_wconf 86' lang='lat' dir='ltr'><strong>and</strong></span> <span class='ocrx_word' id='word_1_320' title='bbox 652 2953 762 3000; x_wconf 84' lang='lat' dir='ltr'><strong>released.</strong></span> <span class='ocrx_word' id='word_1_321' title='bbox 784 2957 842 3004; x_wconf 89' lang='lat' dir='ltr'><strong>This</strong></span> <span class='ocrx_word' id='word_1_322' title='bbox 854 2958 969 3006; x_wconf 87' lang='lat' dir='ltr'><strong>Lentulus</strong></span> 
     </span>
     <span class='ocr_line' id='line_1_34' title="bbox 25 3013 968 3076; baseline 0.008 -16"><span class='ocrx_word' id='word_1_323' title='bbox 25 3015 55 3060; x_wconf 92' lang='lat' dir='ltr'><strong>B.</strong></span> <span class='ocrx_word' id='word_1_324' title='bbox 69 3013 99 3062; x_wconf 78' lang='lat' dir='ltr'><strong>G.</strong></span> <span class='ocrx_word' id='word_1_325' title='bbox 111 3013 127 3059; x_wconf 91' lang='lat' dir='ltr'><strong>i.</strong></span> <span class='ocrx_word' id='word_1_326' title='bbox 140 3015 186 3068; x_wconf 72' lang='lat'><strong>233</strong></span> <span class='ocrx_word' id='word_1_327' title='bbox 202 3013 284 3074; x_wconf 84' lang='lat' dir='ltr'><strong>Virgil,</strong></span> <span class='ocrx_word' id='word_1_328' title='bbox 301 3017 361 3061; x_wconf 82' lang='lat' dir='ltr'><strong>Aen.</strong></span> <span class='ocrx_word' id='word_1_329' title='bbox 378 3016 412 3062; x_wconf 90' lang='lat' dir='ltr'><strong>rii.</strong></span> <span class='ocrx_word' id='word_1_330' title='bbox 427 3015 483 3070; x_wconf 75' lang='lat'><strong>64⁵,</strong></span> <span class='ocrx_word' id='word_1_331' title='bbox 514 3015 541 3060; x_wconf 91' lang='lat' dir='ltr'><strong>in</strong></span> <span class='ocrx_word' id='word_1_332' title='bbox 556 3015 593 3061; x_wconf 90' lang='lat' dir='ltr'><strong>his</strong></span> <span class='ocrx_word' id='word_1_333' title='bbox 609 3017 743 3076; x_wconf 87' lang='lat' dir='ltr'><strong>consulship</strong></span> <span class='ocrx_word' id='word_1_334' title='bbox 754 3020 811 3066; x_wconf 83' lang='lat' dir='ltr'><strong>took</strong></span> <span class='ocrx_word' id='word_1_335' title='bbox 825 3021 866 3068; x_wconf 91' lang='lat' dir='ltr'><strong>the</strong></span> <span class='ocrx_word' id='word_1_336' title='bbox 876 3022 929 3068; x_wconf 83' lang='lat' dir='ltr'><strong>lead</strong></span> <span class='ocrx_word' id='word_1_337' title='bbox 944 3023 968 3070; x_wconf 90' lang='lat' dir='ltr'><strong>in</strong></span> 
     </span>
     <span class='ocr_line' id='line_1_35' title="bbox 25 3073 969 3140; baseline 0.011 -18"><span class='ocrx_word' id='word_1_338' title='bbox 25 3076 131 3124; x_wconf 80' lang='lat' dir='ltr'><strong>“Tertia</strong></span> <span class='ocrx_word' id='word_1_339' title='bbox 139 3075 188 3136; x_wconf 83' lang='lat' dir='ltr'><strong>jam</strong></span> <span class='ocrx_word' id='word_1_340' title='bbox 199 3073 294 3132; x_wconf 79' lang='lat' dir='ltr'><strong>lpnee,&#39;&#39;</strong></span> <span class='ocrx_word' id='word_1_341' title='bbox 307 3080 349 3123; x_wconf 81' lang='lat' dir='ltr'><strong>&amp;e</strong></span> <span class='ocrx_word' id='word_1_342' title='bbox 515 3077 557 3124; x_wconf 86' lang='lat' dir='ltr'><strong>the</strong></span> <span class='ocrx_word' id='word_1_343' title='bbox 573 3079 635 3124; x_wconf 83' lang='lat' dir='ltr'><strong>recal</strong></span> <span class='ocrx_word' id='word_1_344' title='bbox 650 3078 678 3125; x_wconf 82' lang='lat' dir='ltr'><strong>of</strong></span> <span class='ocrx_word' id='word_1_345' title='bbox 691 3079 772 3127; x_wconf 90' lang='lat' dir='ltr'><strong>Cicero</strong></span> <span class='ocrx_word' id='word_1_346' title='bbox 788 3083 848 3130; x_wconf 78' lang='lat' dir='ltr'><strong>from</strong></span> <span class='ocrx_word' id='word_1_347' title='bbox 865 3085 932 3140; x_wconf 84' lang='lat' dir='ltr'><strong>exile,</strong></span> <span class='ocrx_word' id='word_1_348' title='bbox 944 3086 969 3131; x_wconf 90' lang='lat' dir='ltr'><strong>in</strong></span> 
     </span>
    </p>

    <p class='ocr_par' dir='ltr' id='par_1_4' title="bbox 27 3137 968 3324">
     <span class='ocr_line' id='line_1_36' title="bbox 58 3137 968 3208; baseline 0.007 -23"><span class='ocrx_word' id='word_1_349' title='bbox 58 3139 89 3185; x_wconf 81' lang='lat' dir='ltr'><strong>In</strong></span> <span class='ocrx_word' id='word_1_350' title='bbox 110 3139 211 3184; x_wconf 69' lang='lat' dir='ltr'><strong>marim</strong></span> <span class='ocrx_word' id='word_1_351' title='bbox 231 3139 336 3199; x_wconf 81' lang='lat' dir='ltr'><strong>beneficii</strong></span> <span class='ocrx_word' id='word_1_352' title='bbox 353 3137 480 3198; x_wconf 78' lang='lat' dir='ltr'><strong>memoria]</strong></span> <span class='ocrx_word' id='word_1_353' title='bbox 515 3140 590 3186; x_wconf 84' lang='lat' dir='ltr'><strong>which</strong></span> <span class='ocrx_word' id='word_1_354' title='bbox 609 3140 639 3186; x_wconf 88' lang='lat' dir='ltr'><strong>hs</strong></span> <span class='ocrx_word' id='word_1_355' title='bbox 657 3156 704 3189; x_wconf 83' lang='lat' dir='ltr'><strong>was</strong></span> <span class='ocrx_word' id='word_1_356' title='bbox 725 3146 854 3208; x_wconf 75' lang='lat' dir='ltr'><strong>supported</strong></span> <span class='ocrx_word' id='word_1_357' title='bbox 870 3146 901 3208; x_wconf 82' lang='lat' dir='ltr'><strong>hy</strong></span> <span class='ocrx_word' id='word_1_358' title='bbox 924 3147 968 3195; x_wconf 86' lang='lat' dir='ltr'><strong>Cn.</strong></span> 
     </span>
     <span class='ocr_line' id='line_1_37' title="bbox 27 3199 648 3264; baseline 0.006 -17"><span class='ocrx_word' id='word_1_359' title='bbox 27 3201 111 3248; x_wconf 86' lang='lat' dir='ltr'><strong>Cicero</strong></span> <span class='ocrx_word' id='word_1_360' title='bbox 137 3200 163 3246; x_wconf 91' lang='lat' dir='ltr'><strong>in</strong></span> <span class='ocrx_word' id='word_1_361' title='bbox 193 3199 241 3246; x_wconf 86' lang='lat' dir='ltr'><strong>this</strong></span> <span class='ocrx_word' id='word_1_362' title='bbox 268 3202 387 3261; x_wconf 87' lang='lat' dir='ltr'><strong>suppliant</strong></span> <span class='ocrx_word' id='word_1_363' title='bbox 414 3200 484 3246; x_wconf 84' lang='lat' dir='ltr'><strong>letter</strong></span> <span class='ocrx_word' id='word_1_364' title='bbox 516 3202 648 3264; x_wconf 86' lang='lat' dir='ltr'><strong>Pompeius.</strong></span> 
     </span>
     <span class='ocr_line' id='line_1_38' title="bbox 27 3263 484 3324; baseline 0.004 -14"><span class='ocrx_word' id='word_1_365' title='bbox 27 3263 111 3314; x_wconf 82' lang='lat' dir='ltr'><strong>wishes</strong></span> <span class='ocrx_word' id='word_1_366' title='bbox 120 3267 146 3312; x_wconf 85' lang='grc' dir='ltr'><strong>ιο</strong></span> <span class='ocrx_word' id='word_1_367' title='bbox 156 3263 216 3324; x_wconf 82' lang='lat' dir='ltr'><strong>keep</strong></span> <span class='ocrx_word' id='word_1_368' title='bbox 227 3276 259 3310; x_wconf 88' lang='lat' dir='ltr'><strong>on</strong></span> <span class='ocrx_word' id='word_1_369' title='bbox 269 3264 331 3324; x_wconf 77' lang='lat' dir='ltr'><strong>good</strong></span> <span class='ocrx_word' id='word_1_370' title='bbox 341 3269 416 3313; x_wconf 85' lang='lat' dir='ltr'><strong>tsrms</strong></span> <span class='ocrx_word' id='word_1_371' title='bbox 427 3263 484 3312; x_wconf 90' lang='lat' dir='ltr'><strong>with</strong></span> 
     </span>
    </p>
   </div>
   <div class='ocr_carea' id='block_1_4' title="bbox 0 0 1156 3752">
    <p class='ocr_par' dir='ltr' id='par_1_5' title="bbox 0 0 1156 3752">
     <span class='ocr_line' id='line_1_39' title="bbox 0 0 1156 3752; baseline 0 0"><span class='ocrx_word' id='word_1_372' title='bbox 0 0 1156 3752; x_wconf 95' lang='lat' dir='ltr'><strong> </strong></span> 
     </span>
    </p>
   </div>
  </div>
 </body>
</html>
