2296 3752
165 187 225 244 250
403 181 448 243 Μ.
470 183 620 244 TULLII
641 183 866 246 CICERONIS

168 340 319 401 Gallorum
339 359 407 400 suas
428 341 525 418 copias
545 341 731 416 continebat;
751 362 846 421 neque
863 341 933 402 sciri
944 342 1068 403 volebat
1085 363 1116 402 se

165 431 294 510 legiones
306 431 428 491 habere:
449 437 568 492 tantum
587 433 751 510 equitatum
767 439 799 492 et
816 435 909 493 levem
931 439 1116 494 armaturam

166 523 347 582 ostendebat.
399 524 593 600 Posteaquam
618 523 693 583 vidit
716 544 748 583 se
773 524 866 583 invito
891 524 1045 602 legionem
1072 525 1116 582 ire

166 613 270 686 Pansa,
282 613 365 692 sequi
378 633 410 673 se
424 614 496 674 duas
506 613 636 692 legiones
645 615 735 693 jussit
747 615 886 674 tironum.
912 616 1115 694 Posteaquam

165 708 317 786 angustias
324 708 439 787 paludis
447 714 478 767 et
487 709 624 768 silvarum
632 709 810 782 transiimus,
819 709 895 768 acies
906 714 954 768 est
964 710 1117 769 instructa

165 799 281 859 anobis
295 799 445 858 duodecim
460 799 631 859 cohortium.
670 800 811 859 Nondum
823 806 968 860 venerant
981 801 1116 878 legiones

166 889 241 949 duae
253 914 260 962 ;
284 895 407 967 repente
419 889 570 948 Antonius
583 890 617 949 in
629 890 721 950 aciem
735 910 802 950 suas
812 891 909 969 copias
921 891 959 950 de
969 891 1035 950 vico
1048 911 1116 969 pro·

166 980 250 1039 duxit
264 983 295 1040 et
308 981 372 1040 sine
384 1001 466 1040 mora
478 981 634 1040 concurrit.
676 981 774 1040 Primo
784 981 827 1040 ita
835 987 1004 1060 pugnatum
1018 989 1067 1040 cst
1080 987 1116 1039 ut

166 1070 260 1130 acrius
273 1091 334 1130 non
347 1076 448 1150 posset
458 1091 493 1130 ex
504 1076 627 1150 utraque
640 1077 724 1150 parte
733 1071 873 1150 pugnari:
889 1071 948 1130 etsi
962 1071 1115 1130 dexterius

166 1181 266 1235 cornu,
280 1162 383 1240 inquo
402 1182 456 1238 ego
470 1181 548 1220 eram
567 1182 635 1221 cum
649 1163 776 1222 Martiae
795 1162 919 1240 legionis
941 1162 1114 1222 cohortibus

166 1258 242 1325 octo,
255 1253 369 1331 impetu
385 1252 478 1331 primo
499 1253 650 1329 fugaverat
669 1253 811 1330 legionem
826 1270 913 1335 nm
926 1252 1066 1325 Antonii,
1079 1263 1116 1312 ut

167 1343 290 1422 amplius
304 1363 407 1421 passus
422 1342 626 1421 [quingentos]
641 1344 720 1402 ultra
732 1342 823 1403 aciem
837 1363 894 1421 quo
907 1343 973 1402 loco
988 1348 1116 1404 steterat

166 1435 349 1513 processerit.
389 1435 495 1512 Itaque
520 1453 611 1511 quum
637 1434 750 1512 equites
776 1438 912 1494 nostrum
939 1453 1038 1496 cornu
1061 1437 1115 1494 cir·

167 1525 276 1585 cumire
299 1525 416 1598 vellent,
437 1523 565 1602 recipere
587 1544 634 1584 me
658 1524 741 1602 coepi
764 1523 795 1584 et
817 1525 912 1584 levem
933 1533 1116 1586 armaturam

167 1637 313 1695 opponere
327 1617 500 1675 Maurorum
514 1615 670 1693 equitibus,
683 1635 723 1674 ne
739 1635 854 1674 aversos
873 1620 994 1677 nostros
1012 1637 1114 1695 aggre-

167 1707 316 1768 derentur.
357 1705 482 1766 Interim
495 1705 579 1766 video
599 1726 647 1765 mo
667 1725 731 1766 esse
751 1705 830 1765 inter
843 1706 1034 1767 Antonianos
1053 1710 1115 1766 An·

166 1797 338 1876 toniumque
350 1802 419 1875 post
429 1816 476 1856 me
487 1815 551 1856 esse
561 1797 719 1875 aliquanto.
740 1797 875 1876 Repente
886 1818 995 1876 equum
1004 1798 1114 1858 immisi

166 1890 204 1950 cd
218 1909 281 1949 eam
299 1888 444 1965 legionem
457 1887 588 1947 tironum
608 1909 682 1967 quae
694 1887 829 1948 veniebat
842 1909 877 1948 ex
892 1889 1006 1963 castris,
1029 1895 1114 1949 scuto

166 1980 284 2058 rejecto.
305 1977 471 2038 Antoniani
483 1998 530 2038 me
543 1979 674 2058 insequi:
695 1979 790 2040 nostri
803 1979 862 2058 pila
875 1979 1020 2058 conjicere
1031 1981 1112 2040 velle.

167 2071 217 2130 Ita
228 2069 327 2131 nescio
341 2090 398 2149 quo
411 2069 473 2130 fato
488 2090 554 2130 sum
567 2076 708 2145 servatus,
722 2070 800 2150 quod
817 2091 884 2130 sum
897 2070 956 2130 cito
971 2071 1113 2130 anostris

166 2161 312 2240 cognitus.

207 2255 247 2314 In
259 2254 323 2334 ipsa
335 2251 469 2325 Aemilia,
482 2251 535 2312 uhi
547 2251 650 2312 cohors
665 2252 797 2312 Caesaris
809 2249 954 2331 praetoria
968 2255 1044 2326 erat,
1059 2251 1108 2312 diu

166 2352 330 2426 pugnatum
344 2351 398 2406 est.
441 2345 543 2405 Oornu
556 2343 721 2404 sinisterius
734 2344 812 2422 quod
825 2347 888 2402 erat
897 2341 1055 2415 infirmius,
1063 2343 1112 2402 ubi

167 2437 296 2499 Martiae
309 2437 432 2516 legionis
446 2437 520 2496 duae
536 2436 670 2496 cohortes
683 2441 775 2509 erant,
790 2440 821 2494 et
834 2433 937 2494 cohors
955 2435 1110 2514 praetoria,

166 2515 270 2609 pedem
284 2531 392 2591 referre
405 2534 572 2608 coeperunt,
586 2527 665 2606 quod
677 2526 714 2586 ab
729 2525 862 2604 equitatu
880 2524 1111 2585 circumibantur

202 2735 274 2796 Varo]
309 2735 333 2783 A
354 2733 442 2783 ‘vicus'
469 2733 490 2782 is
516 2748 531 2781 a
556 2732 623 2794 place
655 2731 707 2778 sion
724 2730 752 2777 of
768 2727 871 2792 ‘quam'
885 2729 987 2777 without
1002 2730 1110 2790 affecting

167 2797 244 2844 which
254 2813 302 2845 was
318 2799 427 2846 attached
437 2803 463 2846 to
475 2811 540 2846 some
556 2796 624 2844 other
655 2794 697 2842 the
713 2808 773 2852 casa,
792 2793 813 2840 is
830 2793 921 2840 limited
936 2797 963 2840 to
979 2793 1023 2841 the
1035 2795 1108 2854 adjec-

167 2860 464 2922 plaoe‚or‘rospublioa‚'
477 2861 559 2909 thetis
573 2863 625 2906 toa
654 2858 715 2905 tices
737 2855 842 2916 ‘majos’
865 2854 975 2912 ‘minen'
997 2857 1046 2904 and
1072 2857 1109 2903 tha

166 2929 231 2969 town
237 2923 265 2970 oi
269 2938 334 2974 some
342 2924 491 2986 description.
508 2921 621 2972 A‘vicus'
654 2921 753 2968 adrerhs
765 2919 846 2982 ‘plus'
860 2918 967 2976 ‘minua’
981 2917 1108 2981 ‘amplius’

166 2985 214 3033 had
224 3001 256 3033 no
266 2987 370 3046 political
381 2987 507 3034 character.
537 2987 560 3034 A
572 2986 622 3032 ‘so-
653 2984 730 3031 which
746 2984 854 3031 however
869 2997 924 3044 may
935 2983 986 3029 also
1001 2982 1061 3030 have
1070 2983 1108 3030 the

166 3048 359 3155 '¹²3²'th
375 3048 622 3156 zowoenfflffi:
654 3047 764 3156 qrdinsry
795 3044 981 3156 qooqabhuotiorg
1037 3045 1106 3106 Key's

166 3125 197 3157 an
229 3125 244 3156 a
270 3123 348 3156 nous:
376 3123 385 3154 ι
409 3125 487 3155 wasa
676 3123 785 3164 rammar,
880 3123 979 3156 ano.

167 3185 233 3218 some
251 3175 304 3216 ‘ras
322 3169 434 3228 publica‚'
449 3171 493 3216 but
510 3171 531 3216 it
546 3171 592 3216 had
606 3186 621 3217 a
683 3172 798 3232 Anonos]
834 3142 889 3218 “ln
909 3171 952 3217 the
972 3171 1050 3228 rear,”
1069 3171 1105 3218 tha

166 3232 269 3295 politiesl
280 3232 406 3282 character.
418 3231 509 3286 thetis,
520 3232 540 3277 it
550 3247 597 3277 was
607 3247 623 3278 a
653 3233 761 3293 opposite
772 3233 800 3279 of
808 3233 949 3280 ‘adversm'

166 3298 287 3354 corporate
298 3292 367 3351 body.
393 3290 514 3352 (flavigny,
526 3293 620 3352 system
683 3295 781 3354 Equam
790 3296 890 3358 immr'os']
911 3299 926 3324 ¹⁴
935 3297 983 3344 Put
994 3311 1035 3358 my
1042 3296 1105 3346 hone

166 3355 208 3401 des
221 3357 294 3402 Heut
306 3354 376 3400 Rom.
389 3353 485 3408 Rechts,
496 3354 521 3398 ii.
533 3353 600 3428 235.)
651 3357 677 3402 to
687 3355 725 3402 his
735 3356 832 3416 spead.”

197 3415 415 3475 Amerinorum]
454 3415 619 3462 “Thisomrs-
