2372 3758
307 165 367 222 AD
389 159 594 237 QUINTUM
614 158 823 218 FRATREM.
977 161 1034 217 155

93 321 233 382 Asiaticis
256 318 414 378 itineribus
439 321 473 374 ut
500 315 526 374 si
551 315 609 373 iter
629 313 726 391 Appia
751 313 798 372 via
823 313 941 383 faceres,
963 331 1036 370 neve

92 414 238 471 interesse
264 409 422 487 quidquam
448 411 556 484 putent
581 411 683 463 utrum
709 405 813 462 Trallis
840 423 878 462 an
906 403 1036 462 Formias

93 503 236 562 venerint.
277 501 324 558 Ao
346 497 449 574 siquis
471 501 517 554 est
530 515 566 553 ex
584 495 674 554 servis
696 495 811 570 egregie
830 493 931 566 fidelis,
946 494 985 552 sit
1004 494 1037 552 in

93 591 262 652 domesticis
275 589 365 647 rebus
378 594 409 645 et
422 585 558 664 privatis:
579 603 652 664 quae
669 605 716 642 res
736 585 773 642 ad
786 585 910 643 officium
924 583 1037 661 imperii

93 683 139 741 tui
151 687 242 758 atque
262 679 299 737 ad
318 677 443 754 aliquam
456 681 569 754 partem
587 675 631 734 rei
643 675 775 753 publicae
788 675 986 752 pertinebunt,
1001 675 1036 732 da

94 772 129 830 iis
142 772 234 830 rebus
247 787 286 826 ne
300 767 371 845 quid
384 767 520 842 attingat.
561 765 661 824 Multa
680 765 758 824 anim
772 785 846 842 quaa
863 771 943 824 recte
960 783 1036 823 com·

94 861 174 919 mitti
193 859 285 918 servis
299 857 434 916 fidelibus
452 861 585 934 possunt,
599 861 699 914 tamen
719 856 859 914 sermonis
880 861 912 914 et
924 855 1036 932 vitupe-

94 951 216 1008 rationis
229 947 367 1006 vitandae
387 965 475 1004 causa
492 945 699 1004 committenda
716 965 777 1003 non
791 951 869 1004 sunt.
911 949 958 1004 18.
980 945 1037 1004 sed

95 1040 193 1098 nescio
215 1059 274 1116 quo
297 1041 385 1116 paeto
408 1035 445 1094 ad
467 1035 663 1114 praecipiendi
685 1036 828 1094 rationem
853 1036 969 1113 delapsa
991 1041 1037 1095 est

96 1131 188 1189 oratio
206 1149 280 1200 mea,
295 1146 387 1205 quum
407 1125 438 1184 id
457 1126 528 1184 mihi
540 1126 723 1204 propositum
741 1125 827 1184 initio
845 1145 906 1184 non
923 1126 1036 1198 fuisset.
1065 1201 1068 1205 Ι

97 1221 176 1295 Quid
197 1219 277 1278 enim
299 1218 328 1276 ei
350 1216 525 1296 praecipiam
546 1235 633 1294 quem
656 1235 710 1292 ego
734 1215 766 1274 in
789 1217 844 1274 hoc
867 1217 1038 1294 praesertim

95 1329 201 1388 genero
214 1309 379 1385 intelligam
388 1306 545 1384 prudentia
557 1325 617 1364 non
630 1326 694 1364 esse
707 1305 872 1366 inferiorem
883 1327 968 1384 quam
981 1327 1037 1379 me,

95 1421 152 1460 nau
169 1419 239 1460 vero
260 1399 350 1457 etiam
371 1397 574 1475 superiorem?
615 1397 672 1455 Sed
691 1401 792 1455 tamen
812 1397 837 1456 si
856 1397 893 1456 ad
912 1417 1038 1475 eaquae

95 1491 205 1550 faceres
222 1488 383 1548 auctoritas
404 1487 553 1546 accederet
566 1507 638 1558 mea,
652 1486 707 1544 tibi
721 1485 784 1564 ipsa
801 1487 851 1546 illa
863 1489 964 1565 putavi
976 1488 1038 1547 foro

92 1579 278 1659 jucundiora.
314 1578 413 1651 Quare
427 1577 487 1634 sint
500 1575 571 1635 haec
584 1577 774 1635 fundamenta
788 1577 938 1654 dignitatis
952 1585 1038 1652 tuae;

95 1675 148 1728 tna
161 1669 291 1748 primum
303 1667 459 1744 integritas
472 1671 504 1724 et
517 1667 714 1725 continentia:
732 1667 836 1726 deinde
849 1670 978 1729 omnium
989 1671 1039 1748 qui

94 1765 194 1818 tecum
208 1765 280 1816 sunt
294 1756 404 1834 pudor:
426 1756 555 1814 delectus
572 1757 605 1814 in
618 1755 863 1816 familiaritatibus
880 1765 911 1817 et
924 1762 1038 1838 provin-

95 1849 215 1908 cialium
234 1847 386 1906 hominum
410 1851 441 1904 et
464 1847 643 1906 Graecorum
665 1859 822 1924 percautus
845 1854 876 1906 et
899 1850 1037 1928 diligens:

94 1939 222 1998 familiae
244 1936 340 2014 gravis
363 1941 394 1994 et
417 1941 554 1994 constans
575 1935 733 2014 disciplina.
776 1939 822 1996 19.
846 1939 928 2013 Quae
948 1961 1038 2018 quum

95 2030 222 2111 honesta
236 2027 348 2086 sintin
368 2025 414 2084 his
435 2026 556 2104 privatis
576 2027 686 2084 nostris
703 2027 935 2107 quotidianisque
952 2031 1039 2090 ratio·

95 2120 194 2192 mlius,
207 2119 338 2178 intanto
351 2116 480 2194 imperio,
495 2122 556 2175 tam
571 2116 732 2194 depravatis
751 2117 886 2192 moribus,
900 2126 960 2178 tam
979 2141 1039 2179 cor-

96 2207 228 2288 ruptrice
248 2207 403 2285 provincia,
425 2206 521 2266 divina
543 2206 697 2266 videantur
719 2227 837 2268 necesse
861 2216 915 2268 est.
956 2211 1040 2280 Haec

96 2297 250 2358 institutio
263 2303 352 2373 atquc
370 2297 441 2355 haec
461 2295 612 2374 disciplina
628 2303 728 2375 potest
748 2299 892 2358 sustinere
908 2301 940 2358 in
952 2301 1040 2360 rebus

99 2387 266 2448 statuendis
287 2393 319 2444 et
339 2385 527 2444 decernendis
549 2405 613 2444 eam
634 2387 887 2466 severitatemque
904 2395 940 2449 tu
957 2391 989 2449 in
1003 2391 1040 2451 iia

98 2479 189 2538 rebus
202 2497 275 2535 usus
289 2497 321 2534 es
339 2496 374 2534 ex
387 2475 493 2553 quibua
506 2477 662 2535 nonnullas
676 2477 838 2536 simultates
851 2498 918 2537 cum
936 2501 1042 2557 magna

98 2587 166 2628 mea
184 2567 298 2625 laetitia
318 2572 467 2644 susceptas
487 2567 635 2628 habemus.
676 2567 744 2625 Nisi
761 2568 838 2628 forte
860 2591 905 2629 me
923 2571 1042 2630 Paeonii

99 2658 200 2718 nescio
226 2657 309 2735 cujus
336 2655 460 2714 hominis
487 2675 525 2714 ne
547 2655 653 2716 Graeci
675 2657 791 2734 quidem
817 2679 850 2718 ac
870 2661 963 2739 Mysii
989 2669 1042 2722 aut

102 2747 229 2826 Phrygis
247 2746 347 2824 potius
367 2746 490 2823 querelis
510 2746 619 2805 moveri
637 2752 743 2824 putas;
766 2755 818 2807 aut
836 2751 972 2810 Tuscenii
992 2753 1041 2813 ho-

101 2876 217 2929 inatance,
238 2887 265 2919 as
288 2872 310 2918 if
329 2871 387 2934 they
413 2872 461 2920 had
490 2885 557 2920 coma
588 2872 718 2920 lorthatis
734 2875 776 2922 the
792 2875 989 2926 widestsenseof
1001 2881 1043 2927 the

101 2945 128 2985 to
144 2952 177 2983 an
199 2937 284 2982 Italian
302 2939 374 2992 town,
391 2935 505 2992 Formiae,
521 2935 559 2982 for
589 2939 664 2982 term
681 2936 714 2982 all
730 2938 783 2983 who
800 2953 860 2985 were
871 2941 945 2988 under
956 2943 1005 2989 him
1016 2959 1042 2990 as

102 3002 217 3048 instance.
590 3013 605 3045 a
627 2998 825 3059 ‘paterfamiliae'
859 3002 909 3049 But
936 3005 991 3052 hera
1012 3007 1043 3052 he

136 3063 226 3110 Nescio
254 3075 300 3121 qao
322 3060 408 3126 pqoto]
450 3060 474 3108 Δ
497 3059 559 3106 little
589 3061 733 3122 isspeaking
743 3063 771 3108 of
779 3064 861 3120 slaves,
870 3065 906 3111 for
916 3067 972 3128 they
983 3083 1044 3116 were

104 3125 197 3174 further
209 3139 241 3171 on
255 3125 323 3170 there
335 3123 356 3170 is
372 3125 465 3170 ‘nescio
475 3121 558 3183 cnjus!
592 3124 780 3184 comprehended
791 3126 866 3172 under
877 3129 996 3177 ‘familia’

106 3186 216 3237 ‘Nescio’
237 3187 286 3234 and
309 3183 384 3246 ‘quis’
402 3200 433 3245 go
451 3186 560 3246 together
621 3188 660 3233 Ao
686 3187 762 3246 Myrai
783 3193 826 3234 aut
847 3190 961 3252 Ptrpps's,
985 3193 1041 3253 dcc]

106 3267 133 3300 aa
149 3265 195 3298 one
211 3249 290 3304 ποιᾶς
304 3249 355 3309 just
369 3263 396 3294 as
415 3253 487 3296 ‘sunt
500 3247 558 3309 qui,'
592 3248 663 3294 Some
673 3248 745 3295 MSS.
757 3250 884 3302 have‘st.'
895 3255 975 3299 others
985 3255 1045 3299 have

108 3311 445 3375 *sesquiquartorum
593 3309 665 3356 'aad'
699 3310 1045 3357 ‘Ac'snd‘at’seemtobc

138 3374 270 3435 Faustitas]
306 3373 352 3420 His
360 3386 414 3419 own
423 3371 560 3427 hunebold,
592 3371 658 3418 oltan
668 3370 815 3417 confounded
826 3371 852 3414 in
862 3371 904 3414 the
914 3371 986 3416 MSS.
