2362 3756
500 175 587 234 OAP.
608 171 695 232 XIV.
1007 178 1046 234 69

100 328 179 406 quod
192 349 256 390 uon
270 329 427 388 dosiderea
468 328 550 388 Beue
564 329 728 406 Sophocles,
738 347 828 405 quum
839 347 875 386 ex
885 347 919 387 oo
930 327 1048 406 quidam

97 421 160 497 jam
179 422 286 480 affecto
307 427 406 480 aetate
427 427 587 498 quaereret,
601 425 773 478 utereturne
792 419 880 478 rebua
900 419 1047 492 venercia3

102 511 153 568 Dii
165 512 303 572 meliora!
324 511 441 588 iuquit:
461 509 588 570 libenter
606 529 674 570 vero
694 509 782 568 iatine
802 509 878 568 sicut
894 531 912 568 a
930 511 1046 570 domino

102 603 212 677 agresti
235 623 269 661 ac
292 602 407 660 furioso
429 600 553 677 profugi.
596 599 717 678 Cupidia
738 600 816 659 enim
833 617 930 660 rerum
943 601 1045 662 tedium

102 691 235 750 odiosum
248 692 377 750 fortasse
391 691 590 750 etmoleatum
604 696 650 748 eat
670 709 786 762 carere3
808 691 920 750 natatis
934 712 1002 752 vero
1015 698 1046 752 et

101 782 224 859 expletio
235 782 400 860 jucundius
414 787 459 840 est
472 801 569 839 carere
583 800 669 858 quam
682 780 748 840 frui.
791 781 972 860 Quamquam
985 803 1046 842 non

101 877 180 930 caret
193 873 220 931 ia
233 873 285 950 qui
302 893 365 932 uon
387 871 539 930 desiderat.
580 872 644 947 Ego
656 891 717 930 nou
731 871 892 930 desiderare
906 873 969 932 dico
983 893 1046 932 esse

96 962 267 1039 jucundius.
309 965 359 1024 48.
382 961 468 1035 Quod
478 961 503 1020 ei
513 960 578 1020 iotis
588 961 659 1038 ipaie
669 961 869 1039 voluptatibus
879 962 956 1022 bona
966 968 1045 1022 aetat

100 1054 211 1114 fruitm
224 1053 378 1124 libentius,
392 1051 516 1128 primum
529 1051 656 1129 parvulis
674 1050 783 1110 fruitur
802 1053 898 1124 rebua,
917 1058 953 1112 ut
975 1052 1045 1112 dixi-

101 1165 184 1216 mua;
206 1144 314 1204 deinde
332 1143 370 1202 iia
390 1142 494 1219 quibua
516 1147 660 1214 senectus,
682 1142 781 1202 sinon
794 1143 909 1202 abunde
922 1144 1044 1221 potitur,

100 1256 159 1298 non
170 1235 293 1296 omnino
303 1239 395 1294 caret.
429 1234 474 1292 Ut
482 1233 629 1309 Turpione
637 1233 773 1292 Ambivio
782 1235 872 1311 magi
884 1235 1046 1294 delectatur

99 1327 150 1404 qui
161 1327 195 1385 in
208 1325 305 1403 prima
318 1343 406 1384 cavea
418 1327 539 1400 spectat,
553 1321 716 1382 delectatur
730 1327 829 1382 tamen
849 1325 936 1383 etiam
950 1325 1000 1402 qui
1013 1325 1045 1384 in
1099 1377 1101 1384 ,

99 1417 223 1488 ultima;
244 1415 287 1474 uic
300 1405 497 1474 adolescentia
509 1412 674 1489 voluptate·
687 1419 808 1491 propter
820 1413 939 1472 intuens
953 1415 1044 1490 magis

97 1507 224 1569 fortaaae
238 1506 378 1576 laetetur,
392 1503 442 1562 aed
456 1503 617 1562 delectatur
630 1502 718 1562 etiam
732 1509 867 1564 senectus
880 1504 982 1582 procul
996 1523 1044 1564 eas

97 1603 237 1676 spectans
247 1601 368 1654 tautum
378 1598 520 1672 quantum
531 1596 576 1650 sat
587 1597 641 1652 eat.
681 1597 731 1654 49.
739 1595 783 1652 At
793 1593 843 1652 illa
852 1593 954 1674 quanti
964 1599 1043 1668 eunt,

97 1689 239 1760 animum,
252 1693 404 1764 tamquam
417 1683 546 1744 emeritis
557 1681 710 1760 stipendiis
720 1684 857 1758 libidinis,
868 1685 1043 1758 ambitionis,

97 1777 308 1851 contentionis,
326 1774 550 1846 inimicitiarum,
570 1773 764 1850 cupiditatum
785 1775 923 1848 omnium,
945 1795 1043 1835 secum

97 1955 118 2002 is
139 1954 182 2016 qui
200 1967 251 2000 uon
269 1949 411 2008 desiderat?
434 1949 487 1996 “he
503 1949 556 1996 who
588 1952 661 2004 actor,
672 1950 750 1998 whose
765 1966 835 2000 name
851 1967 950 2014 appears
965 1935 991 2002 in
1002 1954 1043 2002 tha

97 2018 154 2066 does
170 2021 217 2064 not
231 2015 278 2062 feel
288 2017 331 2062 the
341 2017 405 2060 want
415 2013 442 2060 of
454 2013 556 2071 athius,
590 2012 745 2062 ‘didascalice'
752 2015 779 2062 oi
783 2016 894 2078 thaplaya
900 2017 928 2064 of
931 2017 1042 2065 Terence.

98 2085 186 2128 cannot
202 2079 234 2126 ba
250 2078 301 2124 said
317 2082 343 2124 to
358 2076 388 2124 be
398 2077 498 2124 without
512 2073 556 2122 it.”
588 2074 721 2138 According
737 2082 763 2124 to
778 2079 826 2126 thia
842 2093 940 2142 passage
954 2080 985 2128 ho
995 2095 1043 2134 naa

98 2143 125 2191 lt
136 2157 172 2190 wo
189 2141 273 2203 oayof
285 2155 301 2188 a
316 2139 557 2196 mam‘uondeaide·
588 2153 603 2184 a
629 2143 808 2203 contemporary
834 2143 862 2189 of
886 2142 953 2190 Cato.
990 2143 1043 2190 Tha

97 2205 150 2263 rat.¹
167 2206 227 2253 then
243 2205 264 2252 it
280 2219 336 2264 may
347 2203 377 2250 bc
391 2202 482 2250 ttuther
498 2201 555 2258 auid,
588 2201 678 2249 Andria
693 2204 832 2252 oiTeronoe
842 2220 890 2252 wau
906 2206 959 2252 first
974 2205 1043 2253 acted

98 2275 162 2318 ‘nou
179 2266 268 2324 caret?
284 2266 330 2314 but
346 2266 412 2312 those
427 2280 467 2312 arc
482 2265 557 2312 direct
588 2268 614 2312 ot
634 2265 677 2312 the
692 2266 828 2326 Megalesia,
852 2282 901 2316 no.
923 2270 976 2324 166,
995 2269 1043 2316 and

97 2331 266 2394 propositione.
299 2329 438 2376 Thewords
451 2327 557 2388 ‘cupidis
588 2327 629 2374 tho
658 2329 768 2392 Adelphi,
797 2345 845 2378 nc.
870 2332 924 2387 16⁰,
948 2335 974 2378 at
1000 2331 1043 2378 tha

96 2389 556 2454 —aatiatia,'inthiaaection(47)‚are
587 2390 679 2440 funeral
704 2408 784 2454 gamos
810 2393 838 2440 of
869 2393 899 2440 Ι..
926 2391 1042 2440 Aemilius

96 2458 195 2520 capable
210 2457 239 2504 of
251 2456 325 2516 being
339 2454 495 2502 transformed
505 2455 556 2502 into
589 2453 684 2503 Pardua.

97 2521 234 2582 equivalent
249 2519 396 2581 expressione
411 2518 469 2564 witn
484 2517 555 2579 ‘qui'
620 2518 706 2564 Prima
717 2519 799 2580 cavea]
819 2518 849 2564 In
860 2516 902 2564 tho
912 2515 977 2564 front
987 2523 1043 2577 part

96 2582 246 2632 affiavmb.
588 2579 616 2626 of
628 2581 669 2627 the
687 2581 786 2628 ‘cavea’
819 2580 871 2627 The
885 2578 983 2626 ‘area’
994 2596 1042 2628 waa

129 2649 188 2694 Noa
209 2645 289 2706 caret]
332 2643 413 2692 Cicero
435 2641 517 2706 (Tuae.
538 2643 555 2692 i.
587 2643 629 2692 tha
640 2645 868 2704 plaoaiuatheatrc
878 2643 903 2690 in
914 2643 991 2691 which
1000 2644 1042 2693 the

98 2710 220 2772 muys:
234 2708 340 2756 “Carere
350 2707 557 2768 igiturhooaigui·
587 2712 716 2767 spectatore
737 2712 787 2765 aat3
812 2707 854 2756 the
876 2707 993 2756 ‘hollow'
1015 2723 1042 2756 aa

98 2770 556 2834 tintegemeoquodhaberevoliazin-
587 2771 711 2830 compared
723 2771 779 2817 with
794 2771 836 2818 the
849 2775 922 2833 stage.
956 2771 1041 2833 comp.

98 2834 423 2890 eatanimveltoincarcnd03
432 2831 554 2890 niai‚&c.”
587 2833 625 2880 Dc
638 2833 693 2880 Am.
705 2835 728 2889 7.

130 2901 199 2946 Boua
211 2898 289 2958 aetna]
323 2897 375 2944 The
386 2896 464 2944 ‘bona
474 2896 554 2954 oeus:
619 2897 736 2957 Propter]
762 2896 794 2944 So
805 2897 887 2946 Cicero
898 2912 950 2959 aaya
963 2897 996 2959 (V
996 2912 1041 2944 err.

99 2977 125 3010 u
133 2963 185 3010 itia
196 2961 278 3018 called,
290 2961 312 3006 ia
324 2960 493 3008 ‘adolescentia
502 2959 518 3017 ς’
528 2974 555 3006 aa
586 2957 611 3006 ii.
623 2962 646 3015 4,
658 2974 679 3006 c.
690 2959 733 3022 48)
744 2977 750 3006 =
768 2960 888 3007 “Etenim
898 2965 995 3021 propter
1005 2964 1043 3007 eat

98 3025 138 3076 old
154 3039 199 3085 nge
215 3025 236 3072 ia
255 3023 331 3072 called
349 3038 365 3070 a
381 3023 457 3070 ‘mala
472 3022 553 3070 aetcs'
586 3023 698 3082 spelunca
707 3022 848 3084 quaedem.”
881 3023 944 3072 That
955 3021 1042 3083 ‘prop-

97 3089 123 3136 in
143 3104 159 3138 a
178 3103 245 3138 verae
262 3087 291 3134 ot
304 3086 425 3144 Afranius,
443 3086 505 3134 cited
522 3085 554 3148 by
585 3084 638 3132 tar’
655 3086 676 3134 ia
692 3085 758 3132 osten
774 3085 830 3132 thus
842 3086 901 3134 used
911 3086 1012 3134 without
1027 3098 1042 3130 a

99 3151 181 3202 ruric
191 3151 308 3200 Oraini-
585 3147 928 3224 casciaatowutyvdundm.
1017 3208 1022 3219 .

98 3243 283 3355 “Mssnffi
309 3241 376 3288 auu
402 3239 555 3290 numana
585 3211 1042 3384 οωᾞζῖἔξζᾞὲρέωᾟὲ

129 3398 387 3464 ΜίοπιΔηιῠίυίο]
415 3397 554 3448 Reman
585 3341 714 3453 idewiaariig
726 3350 932 3464 drommedart.
947 3340 1015 3431 m
