2362 3756
471 140 559 201 oAP.
580 141 651 200 XX.
672 141 762 200 XXI.
1044 144 1084 202 59

140 295 238 356 datam
252 302 448 370 conservaret,
461 317 523 356 non
542 298 599 356 duo
621 297 770 376 Scipiones
784 295 834 374 qui
846 295 904 355 iter
918 295 1025 355 Poenis
1037 297 1084 358 val

139 389 310 466 corporibus
331 388 395 447 suis
415 389 566 446 obstruere
578 389 742 460 voluerunt,
761 407 822 446 non
842 407 927 445 arum
946 392 1032 446 tuum
1046 387 1081 446 L.

140 479 275 538 Paullum
294 479 346 557 qui
367 483 462 537 morte
481 479 538 537 luit
559 479 685 554 collegae
704 479 737 536 in
756 477 905 538 Cannensi
923 477 1082 554 ignominia

138 571 345 642 temeritatem,
354 589 416 628 non
426 569 470 627 M.
480 570 653 628 Marcellum
665 569 750 647 cujus
763 568 916 626 interitum
928 587 967 626 no
980 568 1081 626 crude-

138 658 267 717 lissimus
277 659 396 737 quidem
405 659 499 718 bostis
511 659 622 718 honora
632 659 799 737 sepulturae
808 677 904 716 carere
913 677 1016 736 passus
1026 663 1079 730 est,

138 749 190 808 sed
207 750 340 826 legiones
359 755 485 822 nostras,
499 750 577 828 quod
600 750 702 827 scripsi
721 749 754 807 in
769 749 947 826 Originibus,
960 749 993 808 in
1013 769 1080 810 eum

137 858 224 917 saepe
233 841 332 898 locum
341 839 486 917 profectas
501 839 588 898 alacri
601 840 697 898 animo
712 845 742 898 et
755 845 859 912 erecto,
868 839 946 898 unde
960 859 992 898 se
1004 860 1079 900 nuu-

138 949 225 1006 quam
237 929 383 988 redituras
394 929 614 988 arbitrarentur.
643 901 1037 1012 Quodigituyludolescentes
1047 936 1079 990 et

137 1019 159 1076 ii
169 1020 287 1097 quidem
299 1039 361 1078 non
375 1021 469 1078 solum
478 1020 590 1080 indocti
600 1020 651 1080 scd
664 1020 752 1078 ctiam
762 1020 864 1079 rustici
877 1026 1077 1096 contemnunt,

137 1109 168 1167 id
180 1111 260 1169 docti
273 1131 359 1168 senes
373 1111 585 1170 extimescant?
620 1111 638 1169 7
640 1116 667 1170 6.
684 1109 820 1182 Omnino,
829 1115 865 1168 ut
878 1111 949 1170 mihi
962 1112 1078 1189 quidem

137 1201 260 1273 videtur,
275 1201 440 1260 studiorum
454 1201 583 1260 omnium
597 1201 717 1260 satietas
731 1201 807 1258 vitae
820 1200 889 1259 facit
904 1201 1076 1261 satietatem.

138 1291 214 1349 Sunt
227 1291 371 1369 pueritiae
384 1296 465 1350 certa
478 1291 591 1350 studia:
605 1311 679 1350 num
690 1291 782 1367 igitur
792 1311 826 1350 ea
835 1291 1000 1349 desiderant
1011 1293 1076 1351 ado·
1151 1359 1156 1374 ι

137 1380 303 1440 lescentes?
332 1383 408 1439 Sunt
418 1381 548 1440 ineuntis
558 1381 785 1440 adolescentiae:
806 1401 878 1438 num
892 1399 926 1438 ea
939 1388 1076 1442 constans
1125 1375 1132 1392 ’

132 1471 192 1549 jam
204 1472 328 1549 requirit
342 1477 422 1530 aetas
436 1491 509 1549 quae
523 1471 617 1530 media
631 1471 762 1530 dicitur?
797 1473 873 1530 Sunt
887 1470 975 1530 etiem
988 1471 1076 1550 hujus

136 1563 257 1622 aetatis:
278 1583 317 1620 ne
332 1583 366 1620 ea
379 1561 495 1640 quidem
508 1568 688 1639 quaeruntur
701 1562 733 1620 in
744 1567 904 1620 senectute.
939 1562 1015 1620 Sunt
1028 1581 1075 1620 ex·

135 1657 229 1711 trema
253 1653 393 1730 quaedam
417 1651 516 1733 studia
538 1653 717 1711 senectutis:
746 1673 815 1728 ergo
838 1658 872 1710 ut
894 1652 1075 1730 superiorum

135 1747 265 1800 aetatum
286 1743 384 1800 studia
404 1743 549 1815 occidunt,
570 1743 611 1802 sic
635 1743 771 1802 occidunt
793 1743 880 1802 etiam
905 1744 1073 1804 senectutis.

136 1832 222 1906 Quod
235 1853 326 1910 quum
339 1833 445 1907 evenit,
460 1833 579 1894 satietas
592 1833 668 1892 vitae
682 1839 798 1912 tempus
811 1840 958 1894 maturum
971 1835 1073 1896 mortis
1177 1829 1178 1834 ἵ

134 1925 262 2072 affXXI.
284 2011 332 2072 77.
353 2013 496 2092 Equidem
519 2035 581 2074 non
598 2014 681 2074 video
704 2034 756 2074 cur
776 2014 846 2093 quid
864 2015 927 2094 ipse
949 2016 1073 2076 sentiam

133 2103 169 2162 da
186 2109 281 2163 morto
302 2124 363 2162 non
382 2105 503 2163 audeam
516 2105 597 2164 vobis
612 2106 715 2178 dicero,
729 2107 806 2183 quod
825 2127 859 2166 eo
879 2107 988 2166 melius
1001 2108 1072 2167 nubs

133 2213 251 2254 cernere
270 2195 370 2253 videor
391 2215 448 2273 quo
468 2195 505 2254 ab
529 2215 562 2254 ea
582 2196 701 2274 propius
725 2196 835 2256 absum.
876 2197 939 2274 Ego
959 2204 1071 2256 vestros

131 2290 240 2362 patres,
255 2287 289 2344 P.
301 2285 405 2363 Scipio,
419 2291 510 2364 tuque
523 2287 555 2345 O.
567 2287 657 2357 Laeli,
668 2286 744 2345 viros
758 2287 931 2346 clarissimos
944 2287 1071 2364 mihique

132 2375 321 2434 amicissimos
334 2376 429 2434 rivere
443 2376 575 2447 arbitror,
590 2381 621 2434 et
634 2395 697 2434 eam
712 2377 829 2454 quidem
838 2377 927 2434 vitam
938 2395 1011 2454 quae
1025 2383 1071 2436 est

132 2465 193 2524 sola
213 2465 275 2524 vita
296 2465 481 2524 nominanda.
521 2467 600 2524 Nam
624 2466 694 2524 dum
718 2487 818 2526 sumus
838 2467 871 2524 in
897 2465 942 2524 bis
966 2467 1070 2526 inclusi

131 2557 319 2634 compagibus
333 2557 469 2636 corporis,
480 2577 600 2616 munere
613 2558 736 2635 quodam
750 2557 933 2618 necessitatis
947 2563 977 2616 et
990 2559 1070 2636 gravi

130 2684 232 2732 anemiea
258 2684 280 2730 it
302 2684 334 2730 ha
361 2685 401 2738 did
423 2689 467 2732 not
487 2684 584 2731 succeed
616 2685 641 2731 in
652 2699 707 2733 eum
719 2688 795 2733 locum
807 2686 921 2747 profectas
931 2687 994 2736 unde
1007 2688 1069 2736 redi-

131 2745 243 2808 (Horsce,
256 2747 334 2794 Carm.
345 2748 378 2794 iii.
390 2751 414 2807 5,
429 2747 477 2810 1³).
615 2753 681 2795 uuas
692 2764 717 2796 se
727 2764 775 2795 non
786 2750 970 2798 arbitrarentur)
974 2751 980 2774 '
998 2752 1069 2800 Com·

162 2810 198 2857 Μ.
217 2811 352 2867 Marcellus,
369 2811 458 2866 consul,
477 2810 518 2856 fell
532 2810 583 2856 into
615 2825 671 2872 para
683 2813 772 2858 Gellius
783 2813 815 2859 iii.
827 2815 850 2868 7.

130 2886 160 2918 an
179 2874 321 2920 ambuscade
338 2889 395 2920 noar
412 2874 542 2921 Tarentum
557 2873 583 2920 in
648 2875 790 2922 Studiorum
801 2877 916 2938 omnium]
936 2877 1068 2925 Or‘rorum

130 2936 170 2982 tha
176 2937 262 2983 second
269 2937 343 2983 Punic
349 2937 414 2983 War.
433 2937 485 2984 'Ibe
491 2951 582 2996 enemy,
615 2937 738 2993 omnium,’
747 2954 772 2984 as
783 2953 849 2986 soma
859 2940 930 2987 Mss.
938 2941 997 2987 bave
1007 2941 1069 2987 it.-

132 2999 258 3054 Hannibal,
277 3000 359 3047 buried
376 3000 500 3047 thedoad
521 2999 583 3060 body
616 3000 665 3046 ‘In
699 3003 841 3049 senectute?
875 3008 905 3050 ‘a
931 3001 1067 3061 sancctutc‚’

131 3062 192 3123 (liv.
203 3063 275 3110 xxvii.
286 3063 338 3126 28).
615 3062 697 3109 Orelli.

164 3127 322 3187 Oriqins'turd
356 3126 414 3172 This
427 3126 472 3171 isa
485 3124 583 3171 citation
646 3128 685 3173 al.
703 3127 811 3188 Poma]
824 3127 876 3174 The
886 3128 962 3175 father
971 3128 999 3176 ol
1007 3129 1067 3175 Lao·

129 3188 190 3236 dom
208 3189 250 3235 the
266 3188 375 3248 Origines
391 3188 418 3234 oi
431 3189 499 3236 Cato.
531 3187 583 3233 The
615 3187 660 3234 lius
670 3203 718 3234 was
729 3189 757 3234 C.
770 3190 872 3245 laelius,
883 3191 936 3237 who
947 3205 995 3238 was
1011 3205 1067 3238 con·

129 3265 192 3298 sama
213 3252 233 3298 is
254 3252 305 3298 said
326 3253 351 3298 in
375 3251 417 3296 the
437 3249 583 3297 naamanin
615 3251 652 3296 aul
662 3251 718 3296 with
730 3251 758 3296 L.
771 3253 894 3298 Cornelius
910 3253 988 3312 Scipio
999 3253 1066 3298 Asis·

129 3313 307 3376 Disputationes
334 3314 360 3375 (i.
386 3313 443 3372 42):
476 3312 582 3362 “Quum
614 3313 734 3358 umas.
748 3313 802 3360 lso.

128 3376 231 3439 Ιοςὶοηοε
242 3377 329 3424 scribat
339 3375 399 3423 Cato
415 3388 484 3436 saepe
496 3373 582 3419 domes
