2362 3756
182 194 202 250 4
512 184 618 246 CATO
640 182 795 243 MAJOR.

182 351 212 406 et
235 343 420 424 prudentiam
444 342 584 420 intelligo.
624 341 665 400 Et
689 346 788 399 temen
807 343 838 398 te
863 338 994 417 suspicor
1014 337 1114 398 eisdem

181 438 268 496 rebus
282 435 386 514 quibus
400 455 446 493 me
460 435 556 514 ipsum
569 433 717 494 interdurn
731 431 846 509 greum
861 430 1040 502 commoveri,
1050 451 1113 514 quu-

180 549 246 586 rum
261 526 419 586 consolatio
434 531 464 584 et
478 526 568 604 major
581 529 627 583 est
641 529 671 582 et
684 524 716 581 in
732 522 812 581 eliud
825 527 942 599 tempus
956 521 1113 580 differenda.

181 619 213 678 N
214 639 271 681 une
291 623 390 678 eutem
403 617 496 676 visum
517 622 562 675 est
582 615 654 674 mibi
674 615 709 672 de
734 619 886 672 senectute
906 613 1014 690 aliquid
1033 613 1068 672 ed
1086 619 1115 672 te

181 708 369 768 conscribere.
412 711 439 766 2.
461 707 530 766 Hoc
553 706 631 765 enim
655 725 743 764 onere
767 705 846 782 quod
871 703 943 762 mihi
970 725 1116 763 commune

180 807 278 859 tecum
297 805 343 857 est
363 804 415 857 aut
425 799 486 877 jam
499 797 632 874 urgentis
654 801 706 854 eut
726 801 805 854 certe
825 793 1009 854 adventantis
1024 816 1115 854 senec·

180 891 255 950 tutis
275 895 306 948 et
328 896 360 948 te
381 896 411 948 et
433 910 478 948 me
497 889 593 966 ipsum
610 885 702 945 levari
720 887 801 945 volo:
826 885 883 944 etsi
903 891 934 944 te
955 885 1069 962 quidem
1087 887 1117 944 id

180 981 291 1040 modice
312 1001 345 1039 ec
366 981 512 1058 sapienter
526 975 601 1038 sieut
615 969 712 1038 omilin
732 983 762 1036 et
781 977 856 1036 ferre
870 983 901 1035 et
914 978 1042 1036 loturum
1056 999 1117 1036 esse

180 1077 260 1130 certo
279 1071 346 1130 seio.
388 1071 445 1129 Sed
464 1070 543 1142 mihi,
557 1085 647 1148 quum
665 1069 714 1126 de.
724 1072 876 1127 senectute
890 1068 992 1126 vellem
1013 1069 1118 1146 aliquid

181 1161 313 1233 seribere,
335 1166 370 1222 tu
394 1160 563 1220 occurrebas
587 1161 692 1236 dignus
713 1179 747 1218 eo
775 1179 973 1236 munereque
998 1165 1118 1237 uterque

179 1258 314 1311 nostrum
327 1253 520 1312 communiter
532 1256 675 1310 uteretur.
717 1249 795 1308 Mihi
809 1251 926 1328 quidem
938 1251 981 1308 ita
990 1251 1119 1328 jucunda

180 1343 266 1423 hujus
279 1343 346 1402 libri
360 1343 502 1402 confectio
516 1343 573 1401 fuit
593 1348 627 1401 ut
647 1361 708 1400 non
727 1341 812 1402 ruodo
833 1361 933 1402 omnes
952 1341 1119 1400 absterserit

181 1435 340 1498 senectutis
354 1435 510 1516 molestias,
525 1435 576 1493 sed
597 1433 724 1494 effecerit
744 1433 858 1492 mollem
872 1434 960 1492 etiam
974 1440 1005 1492 et
1015 1434 1119 1513 jucun-

180 1525 245 1584 dam
270 1513 459 1585 senectutem.
501 1527 661 1602 Nunquam
684 1523 776 1600 igitur
798 1523 911 1582 laudari
938 1524 1009 1584 setis
1034 1525 1121 1603 digne

179 1617 361 1694 philosophie
381 1616 499 1694 poterit,
514 1615 561 1674 cui
581 1615 631 1692 qui
650 1617 751 1693 pereat
772 1635 858 1673 omne
877 1620 994 1693 tempus
1015 1616 1121 1675 aetatis

181 1707 242 1764 sine
256 1697 388 1765 molestie
401 1707 494 1782 possit
509 1705 621 1782 degere.
663 1709 690 1764 3.
713 1706 771 1764 Sed
785 1707 820 1764 de
834 1707 938 1764 ceteris
952 1712 982 1766 et
996 1707 1122 1766 diximus

179 1798 272 1856 multe
286 1803 316 1856 et
330 1817 415 1876 saepe
430 1796 576 1855 dicemus:
598 1797 677 1855 hune
690 1797 796 1855 librum
811 1797 846 1855 de
868 1803 1019 1857 senectute
1040 1799 1077 1856 ed
1091 1804 1121 1856 te

179 1974 286 2030 Atticum
302 1973 340 2022 for
354 1987 441 2033 among
456 1973 524 2023 other
539 1987 630 2022 weom-
662 1973 683 2022 it
693 1988 791 2022 meensr
808 1976 823 2000 “
832 1973 844 2020 Ι
853 1974 930 2026 would
939 1975 998 2021 heve
1005 1973 1065 2020 both
1074 1990 1122 2036 you

179 2038 319 2098 plishments
340 2036 443 2084 Cicero’s
470 2037 547 2083 friend
575 2037 632 2083 “sio
663 2037 709 2084 end
721 2037 809 2098 myselt'
824 2038 893 2084 ensed
904 2037 931 2083 of
943 2038 991 2084 this
1002 2037 1122 2085 burden.'’

180 2101 413 2161 Groeoeloquehatur
419 2104 447 2146 ut
454 2100 554 2147 Athenis
562 2105 632 2154 notus
664 2101 780 2162 Compare
794 2101 835 2147 the
851 2115 893 2148 use
910 2101 937 2146 of
949 2101 1034 2148 ‘volo'
1047 2102 1073 2148 in
1085 2103 1124 2150 De

179 2163 321 2210 rideretur.'’
338 2164 428 2227 Nepos,
439 2164 490 2210 hire
497 2165 524 2210 of
529 2164 630 2222 Atticus,
665 2164 720 2211 Seu.
739 2179 759 2211 o.
775 2167 794 2221 1,
813 2167 836 2220 2,
856 2166 879 2222 7,
903 2167 939 2221 19,
957 2167 1003 2222 2ος
1020 2166 1069 2212 and
1085 2167 1124 2213 De

180 2231 235 2275 ud.
664 2228 719 2274 Am.
732 2242 752 2274 c.
765 2231 788 2282 ³,
801 2231 824 2275 9.

215 2292 304 2346 Quibus
316 2291 452 2356 meipsum]
474 2291 531 2338 'this
539 2291 559 2338 is
568 2305 631 2337 com-
696 2292 733 2338 Eo
761 2306 859 2338 munere
886 2305 931 2352 quo
944 2293 1121 2354 -uteretur.]

179 2355 259 2416 monly
271 2354 345 2402 called
361 2369 375 2401 a
393 2369 445 2401 cese
462 2355 489 2401 ot'
500 2356 631 2410 attraction,
664 2353 722 2400 This
742 2355 827 2401 should
845 2353 875 2400 be
893 2354 1023 2401 rendered:
1043 2355 1126 2402 “Yon

180 2424 233 2464 ‘me
248 2418 342 2480 ipsum’
354 2418 537 2480 corresponding
553 2423 578 2464 to
591 2418 633 2464 the
664 2417 775 2464 occurred
792 2422 817 2464 to
838 2433 876 2465 me
895 2433 920 2464 ss
939 2418 1032 2479 worthy
1049 2419 1078 2465 os
1091 2435 1124 2466 nn

179 2483 309 2528 wousetive
332 2481 393 2538 ‘tes'
421 2482 457 2528 t'or
478 2482 519 2528 the
540 2481 633 2542 regular
664 2481 762 2540 offering
778 2481 835 2528 such
852 2497 877 2528 es
893 2480 989 2528 botbof
1002 2483 1125 2543 usmight

179 2546 338 2592 construction
348 2545 426 2592 would
436 2545 466 2591 be
477 2549 483 2572 ⁸
493 2544 577 2605 quibus
588 2559 632 2604 ego
665 2545 734 2604 enjoy
745 2545 770 2590 iu
781 2543 914 2591 common?

178 2609 247 2668 ipse,’
267 2609 311 2655 but
326 2609 372 2655 this
391 2609 469 2654 would
485 2609 577 2668 require
591 2609 632 2653 the
700 2609 744 2654 Cui
755 2610 898 2668 culparent,
912 2608 966 2669 tre]
993 2607 1048 2655 'l'he
1058 2609 1126 2670 posi-

178 2672 302 2731 repetition
313 2671 339 2718 oi
353 2672 394 2720 the
405 2671 460 2717 verb
477 2671 503 2716 in
519 2672 560 2716 the
570 2671 632 2718 form
664 2671 715 2716 tion
732 2671 759 2716 of
772 2671 813 2717 the
829 2677 876 2717 two
891 2671 1007 2727 relatives,
1020 2671 1070 2718 and
1081 2672 1127 2719 the

180 2733 357 2780 ‘commoveor.'
392 2734 442 2780 ‘Ut
456 2732 630 2790 Flamininum,’
664 2735 752 2780 similar
768 2735 869 2794 position
887 2739 912 2780 et
929 2735 970 2780 the
991 2735 1128 2796 beginning

178 2797 198 2843 is
210 2812 224 2842 a
234 2798 281 2842 like
292 2797 405 2842 instance.
664 2797 690 2843 of
699 2798 808 2853 seleuse,
820 2797 847 2843 oi
859 2797 915 2858 ‘qui
930 2796 966 2852 si‚'
980 2799 1038 2858 ‘qui
1049 2799 1126 2854 cum‚’

214 2861 321 2915 Quarum
333 2859 473 2922 consolatio]
488 2857 570 2906 Cicero
578 2874 631 2920 per·
665 2861 743 2920 ‘quod
761 2860 816 2921 qui'
850 2861 887 2906 De
905 2860 959 2906 Am.
977 2859 1028 2922 lo),
1046 2862 1128 2921 ought

178 2924 237 2983 heps
253 2922 342 2969 alludes
358 2928 383 2968 to
400 2923 440 2968 the
458 2922 563 2970 troubles
579 2923 631 2970 thet
663 2927 689 2969 to
700 2923 730 2970 be
741 2923 823 2970 observ
855 2957 861 2969 .
880 2922 957 2975 ‘Qui'
969 2924 1027 2970 thus
1039 2925 1127 2984 placed

178 2987 286 3033 followed
297 2985 403 3033 Ceesur's
414 2986 499 3042 denth;
512 3000 545 3042 or,
555 2986 576 3032 ir
583 2987 630 3032 this
663 2986 747 3033 should
763 2987 839 3048 rarely
849 2987 879 3033 be
895 2987 1026 3034 translated
1037 2987 1071 3048 by
1083 2988 1131 3036 the

178 3051 272 3097 treetise
281 3064 327 3095 was
335 3049 428 3095 written
438 3049 517 3095 before
525 3049 630 3096 Ceesar’s
663 3049 761 3110 English
782 3051 892 3106 relative;
916 3049 1010 3110 though
1029 3051 1057 3097 in
1076 3051 1129 3098 this

178 3114 256 3170 death,
273 3113 304 3160 he
321 3128 374 3174 may
385 3113 462 3159 allude
473 3117 498 3158 to
509 3113 551 3159 the
562 3113 631 3160 times
662 3113 768 3160 instance
786 3113 852 3160 ‘cui'
875 3127 929 3174 may
947 3113 977 3159 be
996 3127 1024 3160 so
1043 3118 1129 3161 trans-

177 3177 230 3223 thet
246 3176 352 3223 followed
365 3176 471 3224 Caesar's
487 3177 593 3222 invasion
607 3175 634 3223 oi
662 3177 738 3223 lated:
758 3180 773 3203 ‘⁴
782 3177 834 3223 The
845 3176 922 3222 which
933 3177 959 3235 if
967 3191 981 3222 a
992 3191 1051 3223 men
1064 3193 1130 3225 were

178 3240 247 3300 Italy,
260 3238 616 3300 sndtoCeesar’susurpetion.
662 3245 688 3286 to
704 3239 772 3300 obey,
790 3240 821 3286 he
836 3238 939 3299 might‚”
958 3243 1001 3286 &o
1038 3241 1131 3288 Iheve

209 3303 389 3363 Lerorioolor]
410 3301 497 3348 ‘Volo'
509 3305 533 3348 in
543 3304 583 3349 the
594 3303 631 3349 in·
663 3303 719 3349 here
745 3303 871 3364 purposely
892 3303 998 3363 prefixed
1027 3305 1071 3350 tte
1100 3311 1130 3352 to

177 3367 275 3412 dicetive
285 3367 397 3412 indicates
411 3365 538 3426 ‘opinion'
552 3365 628 3420 ‘wilh'
661 3367 756 3416 which·
774 3365 818 3411 but
835 3367 856 3412 if
871 3366 919 3412 this
937 3365 977 3411 old
995 3366 1046 3412 end
1062 3369 1131 3426 good

176 3429 537 3480 endrometimes‘eommend.'
566 3429 630 3479 Here
661 3429 733 3475 idiorn
750 3429 835 3478 should
851 3429 881 3476 be
897 3428 1005 3487 disliked,
1017 3443 1057 3482 we
1070 3445 1133 3498 may.
