2296 3752
243 157 550 219 EPISTOLARUM
569 157 689 218 LIBRI
707 156 809 217 DUO.
940 158 997 215 199

50 319 136 393 pente
148 314 251 374 fectae
265 319 357 386 sunt;
375 312 433 372 nisi
445 313 521 372 sorte
533 319 568 371 te
577 317 676 372 emunt
689 316 720 371 et
733 310 789 370 tibi
802 314 997 382 assentientur,

50 411 80 464 et
91 406 212 465 tamdiu
225 405 298 464 dum
311 409 350 462 tu
363 404 432 462 edes
444 408 514 462 sunt
527 405 633 462 oblitae
646 403 700 462 sui.
743 403 828 477 Quod
843 401 958 480 quidem
973 401 998 460 si

50 495 90 555 ite
102 500 161 569 est,
176 495 301 553 minime
314 493 406 552 miror
418 495 528 552 caelum
540 494 628 552 etiem
647 499 678 552 et
690 497 783 551 tenus
796 492 854 551 vim
867 512 957 564 suem,
972 492 998 550 si

12 653 13 658 η
50 584 103 644 tibi
115 586 165 644 ite
180 584 346 655 conveniet,
361 583 515 642 dimittere.
557 583 778 644 Oratiunculam
790 602 842 661 pro
856 583 997 641 Deiotaro
1047 651 1049 658 Ι

52 695 139 751 quem
167 674 340 751 requirebas
363 672 502 731 habebam
524 693 646 746 mecum,
670 672 748 750 quod
770 691 831 731 non
853 678 996 750 putarem.

52 764 161 841 Iteque
184 782 250 821 eam
272 762 330 820 tibi
350 761 424 832 misi,
449 781 533 839 quem
551 763 638 821 velim
660 763 701 820 sio
724 763 802 840 leges
823 767 859 821 ut
882 781 997 821 causum

53 859 177 911 tenuem
197 858 229 911 et
248 852 367 929 inopem
389 872 443 910 nec
464 851 619 929 scriptione
639 867 744 929 magno
764 871 851 929 opere
869 852 995 928 dignum.

54 943 112 1000 Sed
139 962 196 1018 ego
223 941 336 1019 hospiti
357 941 449 999 veteri
475 947 506 999 et
532 943 623 1001 emico
648 943 854 1001 munusculum
879 942 997 1000 mittere

56 1033 165 1109 [volui]
180 1032 339 1104 levidense,
353 1051 448 1090 cresso
466 1032 522 1104 filo,
536 1031 698 1111 cujusmodi
715 1031 807 1110 ipsius
825 1032 920 1092 solent
934 1051 997 1092 esse

54 1142 188 1181 munera.
230 1122 278 1180 Tu
299 1120 387 1193 velim
409 1121 504 1180 animo
528 1123 653 1200 sapienti
676 1122 802 1200 fortique
826 1122 865 1182 sis
888 1128 924 1182 ut
944 1127 997 1182 tue

54 1210 218 1271 moderatio
232 1215 264 1269 et
277 1209 404 1287 gravitas
417 1210 539 1270 eliorum
550 1211 673 1270 infamet
685 1210 828 1290 injurium.

148 1364 206 1436 ,ee
227 1360 274 1420 m.
294 1359 448 1420 cionno
469 1361 557 1420 nun.
577 1361 606 1419 e.
625 1361 664 1421 n.
683 1361 728 1422 M.
749 1362 903 1424 onnnio
933 1319 936 1328 ¹

396 1450 545 1510 Annini
566 1452 661 1511 oon.

345 1564 457 1640 (11.14.
497 1583 527 1622 n.
542 1581 572 1624 n.
588 1582 614 1624 o.
630 1564 712 1640 704.)

56 1681 102 1739 Μ.
116 1667 219 1752 Fabio,
238 1677 300 1738 viro
322 1677 431 1755 optimo
453 1683 484 1737 et
503 1678 620 1737 homine
641 1677 815 1753 doctissimo,
836 1680 995 1741 familiaris·

58 1771 130 1829 sime
143 1776 213 1828 utor
225 1767 402 1846 mirificeque
420 1787 486 1826 eum
501 1768 597 1846 diligo,
611 1789 701 1846 quum
718 1776 838 1848 propter
851 1791 996 1831 summum

57 1861 210 1938 ingenium
223 1859 287 1938 ejus
304 1873 501 1935 summamque
515 1859 675 1918 doctrinam
687 1864 753 1918 tum
765 1866 886 1939 propter
899 1861 996 1939 singu·

57 1951 149 2009 ierem
161 1949 342 2008 modestiam.
369 1949 443 2027 Ejus
456 1949 606 2026 negotium
620 1949 661 2008 sic
671 1950 756 2008 velim
770 1951 909 2028 suscipias
922 1957 957 2010 ut
971 1953 996 2012 si

58 2046 137 2100 esset
149 2059 197 2098 res
209 2059 282 2098 mee.
323 2038 356 2097 N
356 2038 402 2096 ovi
414 2058 467 2116 ego
480 2059 531 2098 vos
544 2058 664 2115 magnos
677 2045 831 2116 patronos:
851 2041 996 2101 hominem

57 2177 189 2240 Augnstns'
213 2179 271 2226 time
297 2177 415 2225 Antonius
441 2178 513 2225 Musa
544 2178 564 2225 is
579 2177 621 2225 tho
638 2179 748 2240 meaning
763 2179 790 2226 oi
807 2180 915 2241 ‘injurie'
931 2182 995 2229 here.

58 2243 162 2302 brought
178 2241 215 2288 his
233 2241 286 2288 oold
300 2245 372 2287 water
387 2245 513 2288 treatment
545 2240 656 2301 ‘Injurie'
680 2242 722 2288 hes
742 2243 835 2290 serious
859 2245 995 2305 mennings3

57 2306 110 2352 into
120 2318 171 2359 use,
179 2304 226 2350 sud
233 2303 412 2350 recommended
421 2304 513 2350 Herses
543 2303 587 2350 but
596 2305 744 2364 “specialiter
751 2305 836 2364 injurie
846 2306 930 2354 dicitur
940 2321 996 2354 oon·

58 2373 102 2416 not
115 2367 295 2414 tovisitBeisc.
330 2366 424 2428 (Horat.
436 2367 482 2426 Ep.
494 2366 510 2413 i.
542 2366 663 2413 tumemss’
681 2365 748 2428 (Uip.
761 2368 867 2427 Dig.‹i7‚
880 2369 915 2425 lo,
931 2370 964 2430 l.)

60 2433 81 2487 l,
91 2445 116 2476 v.
125 2431 166 2484 83,
176 2429 223 2476 and
236 2431 274 2483 15,
283 2442 305 2474 v.
313 2431 337 2484 2,
346 2429 393 2475 end
403 2429 444 2475 the
454 2433 512 2476 note
574 2430 614 2475 3³.
632 2430 655 2476 A
670 2429 740 2476 letter
755 2430 817 2476 from
834 2431 916 2478 Cicero
928 2432 997 2479 when

58 2493 84 2539 in
91 2491 237 2540 Mmlesne’s
247 2489 297 2551 ed.)
544 2490 574 2536 he
584 2506 631 2537 wes
641 2493 766 2552 proconsul
781 2493 809 2538 oi
822 2493 910 2549 Cilicio,
922 2499 948 2541 to
959 2495 995 2542 Μ.

90 2555 142 2602 Pro
154 2553 282 2613 Deiotaro]
317 2551 375 2600 This
385 2553 476 2599 oration
486 2553 512 2599 in
544 2553 644 2610 Caelius,
662 2555 715 2600 who
725 2570 773 2602 wos
788 2556 845 2603 theu
861 2557 941 2604 sedilis
956 2572 996 2605 ou-

56 2618 141 2665 invonr
156 2617 184 2663 oi
196 2617 244 2663 this
255 2616 294 2662 old
305 2615 400 2674 kingoi
413 2616 512 2672 Genua,
543 2616 600 2662 ruiis
611 2621 637 2663 et
647 2617 730 2664 Rome.

57 2679 175 2728 delivered
189 2685 215 2726 et
226 2679 309 2727 Rome.
319 2691 368 2726 mo.
379 2681 418 2736 lt,
435 2679 456 2725 is
471 2693 512 2724 ex·
576 2680 724 2740 Patronooe]
758 2679 810 2726 The
821 2681 919 2741 original
929 2697 997 2731 sense

57 2747 118 2790 tent.
152 2743 177 2789 lt
194 2743 215 2788 is
231 2740 293 2801 good
309 2742 402 2802 enough
417 2741 454 2788 ior
470 2741 513 2788 the
544 2741 571 2787 oi
582 2742 630 2788 this
648 2742 711 2789 word
727 2757 825 2803 appears
840 2745 866 2790 in
882 2745 924 2792 the
936 2747 996 2794 rele-

58 2805 157 2866 subject,
168 2819 195 2852 ns
205 2804 288 2851 Cicero
298 2817 359 2864 ceys.
544 2804 595 2850 tion
615 2804 643 2851 oi
664 2805 800 2865 ‘pehonus'
822 2807 870 2853 eud
891 2808 995 2856 ‘cliens'

89 2866 241 2926 lasciuiorem]
276 2867 334 2914 This
350 2866 413 2913 word
429 2867 449 2913 is
463 2865 513 2912 said
545 2867 683 2913 ‘Patronus'
705 2883 752 2914 ηε
773 2869 831 2915 used
852 2870 877 2916 in
894 2870 997 2919 Cicero's

58 2934 83 2976 tc
100 2931 131 2977 be
148 2929 243 2991 applied
259 2933 286 2976 to
304 2929 374 2985 eloth,
391 2929 418 2975 oi
435 2928 512 2974 which
543 2929 601 2976 time
611 2933 637 2976 to
647 2930 773 2991 signiiyen
788 2935 874 2987 orator,
888 2933 941 2982 who
952 2949 997 2982 un·

58 2993 98 3040 the
124 2993 221 3040 thrends
246 3005 287 3038 ere
312 2991 401 3052 loosely
483 2991 513 3037 ed
543 2991 641 3038 dertook
656 2997 682 3039 to
700 3007 798 3053 manage
808 3009 823 3040 e
833 2995 910 3042 msn's
928 3011 997 3044 osum

57 3056 173 3116 together,
184 3058 229 3102 not
239 3055 301 3102 close
312 3053 375 3116 (roro
385 3054 445 3100 filo.
469 3053 513 3100 See
543 3054 581 3101 ior
601 3055 658 3101 him.
691 3055 773 3102 Cicero
790 3070 850 3118 seys,
872 3057 908 3104 “I
927 3060 997 3107 know

57 3118 188 3166 Foroeliin'u
221 3117 293 3165 Atto
305 3119 395 3163 ‘musso
405 3114 513 3172 iilo,'see
543 3117 585 3164 the
596 3131 659 3178 ways
675 3117 702 3164 oi
715 3131 763 3178 you
778 3124 844 3178 great
858 3123 966 3179 petreum
983 3135 998 3166 e

57 3181 95 3229 De
104 3182 160 3230 Am.
172 3195 192 3227 c.
204 3181 228 3235 7.
543 3193 599 3226 men
615 3183 680 3226 must
696 3181 793 3226 commit
811 3181 913 3237 murder,
931 3184 953 3229 if
966 3183 997 3228 he

87 3243 206 3304 marsei]
238 3241 396 3302 “Thetyour
406 3240 512 3287 modere-
543 3242 621 3288 would
637 3242 697 3288 heve
721 3242 763 3288 the
784 3243 872 3289 benefit
892 3243 921 3288 oi
938 3255 997 3303 your

56 3306 106 3353 h'on
117 3305 166 3353 end
178 3305 249 3352 sober
263 3303 392 3349 beheviour
405 3317 460 3362 moy
469 3305 513 3362 put
543 3303 695 3350 mustenoel'
736 3303 901 3348 Youwillnot
911 3303 996 3348 under-

56 3373 82 3416 to
92 3369 175 3418 shsme
185 3365 263 3414 men's
273 3365 320 3413 evil
329 3362 431 3411 words.''
455 3363 514 3410 'ihis
544 3365 599 3410 take
610 3364 678 3410 small
688 3365 793 3408 meum.
