2362 3756
439 151 530 210 cAP.
550 152 608 210 XI.
628 153 705 212 ΧΠ.
1002 159 1042 218 88

133 305 212 364 XII.
240 309 288 364 39.
310 305 452 384 Sequitur
472 306 561 365 tertia
579 306 755 386 vituperatio
780 309 940 368 senectutis
964 311 1042 388 quod

92 413 158 452 eam
184 415 282 454 carere
306 397 410 454 dicunt
433 396 640 473 voluptatibus.
684 398 911 476 Opraeclamm
933 419 1041 477 munus

92 485 209 557 aetatis,
224 486 250 543 si
262 486 380 562 quidem
394 485 427 543 id
440 486 534 544 aufert
553 487 638 546 nobis
652 488 730 564 quod
743 493 789 546 est
802 488 834 546 in
848 488 1041 552 adolescentia

93 574 334 634 vitiosissimum!
375 575 511 653 Accipite
525 576 611 649 enim,
625 577 729 654 optimi
742 577 947 651 adolescentes,
961 586 1039 642 rete-

94 684 157 722 rem
179 665 342 724 orationem
362 666 512 742 Archytae
532 667 691 739 Tarentini,
711 667 810 744 magni
832 667 865 726 in
885 669 985 746 primis
1007 675 1039 730 et

96 755 234 830 praeclari
244 755 308 826 viri,
320 775 396 832 quae
409 755 482 812 mihi
491 757 599 816 tradita
612 762 658 815 est
669 777 759 834 quum
769 777 862 816 essem
872 758 1038 819 adolescens

98 845 215 903 Tarenti
235 865 302 904 cum
323 846 361 918 Q.
373 845 520 905 Maximo:
542 847 691 904 “Nullam
710 847 905 924 capitaliorem
923 854 1037 926 pestem

98 953 179 1010 quam
203 935 335 1012 corporis
358 935 539 1012 voluptatem
562 935 728 996 hominibus
752 937 865 996 dicebat
891 957 908 996 a
931 943 1037 998 natura

98 1023 198 1096 datam
211 1026 297 1104 cujus
307 1025 467 1102 voluptatis
481 1025 579 1084 aridae
589 1025 723 1084 libidines
733 1032 843 1085 temere
854 1032 884 1086 et
898 1029 1037 1088 effrenate

97 1115 131 1172 sd
139 1115 317 1193 potiundum
331 1115 533 1174 incitarentur.
566 1119 615 1174 40.
630 1116 712 1175 Hinc
724 1116 836 1195 patriae
848 1117 1035 1194 proditiones,

97 1203 160 1264 hinc
172 1225 273 1264 rerum
283 1205 467 1283 publicarum
477 1205 648 1278 eversiones,
658 1206 726 1264 hinc
737 1226 804 1265 cum
812 1207 946 1266 hostibus
959 1208 1036 1266 clan-

96 1293 207 1354 destina
229 1295 376 1372 colloquia
396 1295 492 1366 nasci;
514 1297 628 1354 nullum
650 1297 775 1374 denique
797 1297 899 1369 scelus,
921 1299 1034 1358 nullum

93 1385 200 1443 malum
220 1385 338 1444 facinus
360 1403 433 1456 esse,
457 1385 494 1442 ad
517 1385 595 1462 quod
621 1385 838 1464 suscipiendum
862 1406 924 1445 non
945 1386 1034 1446 libido

93 1475 251 1554 voluptatis
271 1474 453 1552 impelleret;
473 1479 575 1552 stupra
592 1495 660 1535 vero
682 1482 713 1534 et
734 1475 877 1534 adulteria
897 1479 929 1534 et
950 1496 1036 1536 omne

93 1565 148 1624 tale
160 1561 309 1643 flagitium
321 1563 412 1622 nullis
425 1564 544 1622 excitari
556 1564 619 1623 aliis
632 1565 775 1624 illecebris
795 1565 854 1623 nisi
865 1565 1033 1644 voluptatis.

93 1655 249 1733 Quumque
262 1653 378 1712 homini
391 1653 449 1712 sive
462 1659 568 1712 natura
589 1654 648 1713 rire
662 1655 727 1732 quis
740 1655 823 1714 Deus
844 1655 918 1714 nihil
935 1661 1034 1716 mente

7 1799 8 1804 ,
91 1746 296 1822 praestabilius
305 1743 442 1815 dedisset,
450 1744 518 1803 huic
527 1745 623 1803 divino
634 1744 748 1803 muneri
758 1764 791 1802 ac
803 1743 879 1804 dono
887 1745 961 1804 nihil
970 1765 1034 1807 esse

90 1841 149 1894 tam
161 1835 318 1894 inimicum
335 1853 421 1911 quam
434 1834 621 1912 voluptatem.
661 1837 711 1893 41.
732 1835 798 1892 Nec
816 1835 894 1894 enim
913 1836 1033 1896 libidine

91 1925 261 1984 dominante
285 1924 496 2000 temperantiae
521 1925 617 1982 locum
641 1944 713 1996 esse,
737 1944 832 2002 neque
859 1926 978 1986 omnino
1001 1925 1033 1988 in

90 2015 250 2092 voluptatis
274 2034 368 2090 regno
387 2013 526 2072 virtutem
549 2035 636 2092 posse
659 2015 826 2074 consistere.
868 2018 1032 2096 Quodque

90 2107 181 2182 magis
202 2105 332 2181 intelligi
352 2109 459 2180 posset,
473 2104 583 2180 fingere
604 2105 699 2164 animo
714 2106 837 2182 jubebat
857 2112 942 2166 tanta
961 2107 1032 2166 inci·

90 2199 185 2254 tatum
207 2194 333 2271 aliquem
354 2193 502 2270 voluptate
526 2195 654 2272 corporis
674 2199 783 2270 quanta
803 2197 913 2274 percipi
933 2201 1032 2274 posset

90 2286 233 2342 maxima:
253 2282 367 2342 nemini
379 2283 516 2341 censebat
528 2283 591 2342 fore
610 2285 729 2342 dubium
743 2285 815 2362 quin
827 2287 948 2358 tamdiu,
962 2286 1032 2344 dum

90 2375 133 2432 ita
146 2375 297 2451 gauderet,
310 2372 386 2430 nihil
401 2373 510 2449 agitare
527 2379 634 2444 mente,
648 2374 721 2432 nihil
733 2375 855 2446 ratione,
868 2375 943 2432 nihil
956 2376 1031 2452 cogi·

91 2464 204 2522 tatione
217 2462 358 2541 consequi
369 2469 477 2538 posset.
513 2463 656 2536 Quocirca
668 2464 741 2521 nihil
754 2483 817 2522 esse
830 2468 891 2521 tam
906 2462 1030 2522 detesta

91 2553 149 2612 bile
168 2559 288 2631 tamque
307 2551 478 2630 pestiferum
492 2573 578 2630 quam
591 2553 787 2630 voluptatem:
809 2551 835 2610 si
852 2551 968 2630 quidem
988 2573 1030 2628 ea,

126 2675 163 2722 12.
184 2672 403 2732 Quod—dicant]
447 2671 546 2722 ‘Quod’
578 2672 626 2718 still
642 2672 743 2718 clearerr
762 2675 879 2718 “summa
889 2671 1030 2721 laussencc-

92 2737 148 2783 hare
158 2740 271 2784 connects
281 2750 328 2782 one
335 2735 480 2795 proposition
490 2735 547 2780 with
578 2735 636 2782 tutis
648 2739 684 2780 est
695 2734 758 2795 quod
768 2749 796 2781 ea
805 2735 937 2796 voluptates
953 2739 1030 2786 nullas

7 2839 8 2846 ,
92 2801 199 2846 mother.
232 2799 311 2846 Thcrc
327 2813 367 2844 are
382 2803 428 2844 two
449 2798 547 2844 distinct
578 2797 894 2858 magnooperedesiderat.'’
915 2797 1028 2862 (DeSen.

93 2863 258 2923 propositione,
277 2861 325 2908 and
344 2862 384 2908 the
402 2861 488 2906 second
506 2875 546 2906 ex·
580 2859 628 2920 13.)

93 2927 169 2986 pluins
195 2926 238 2972 tha
261 2927 322 2971 first.
356 2924 479 2970 “Follows
505 2923 547 2969 the
609 2922 700 2982 Aufert
711 2923 788 2984 notis]
814 2923 1029 2972 Or‘aufertano-

93 2989 155 3036 third
177 2989 238 3035 head
260 2988 288 3034 of
307 2987 435 3046 complaint
455 2987 547 3044 against
577 2985 762 3041 bia’forwhich
772 2987 1028 3048 thereIsgoodautho-

93 3052 131 3099 old
146 3067 197 3112 age,
214 3052 263 3098 this
280 3049 338 3109 thoy
348 3064 396 3108 say,
413 3049 464 3095 that
474 3050 493 3094 it
504 3049 546 3094 has
577 3049 631 3109 rity.

92 3129 124 3162 no
133 3112 279 3176 plemuresss’
314 3111 413 3162 ‘Quod'
424 3112 445 3158 is
454 3111 496 3157 the
508 3126 546 3157 sc-
610 3112 718 3165 Nallcm,
727 3111 782 3172 dcc]
795 3107 1030 3172 'lhisisancxampla

93 3179 202 3235 mestre,
219 3177 267 3224 and
278 3174 383 3235 depends
393 3188 424 3219 on
435 3173 546 3230 ‘dicunt'
579 3173 606 3220 os
613 3175 654 3220 the
665 3174 763 3219 indiract
772 3173 833 3220 form
846 3175 873 3221 of
886 3175 1028 3235 expression,

93 3240 278 3288 sndthawhole
294 3237 547 3298 ‘qnod...volupta-
578 3237 655 3282 where
671 3236 713 3282 the
730 3236 806 3282 words
821 3237 848 3282 of
861 3252 876 3282 a
891 3251 976 3298 parson
990 3249 1030 3282 ara

92 3303 169 3352 tibus'
180 3303 318 3360 discharges
328 3300 370 3346 the
380 3303 434 3358 part
444 3299 470 3345 ol
479 3313 493 3344 a
503 3313 547 3346 no·
558 3325 562 3332 ·
578 3299 685 3359 reported
701 3298 733 3358 by
743 3299 849 3345 another.
881 3299 934 3345 The
950 3297 1028 3344 infini-

93 3368 211 3416 unusve.
251 3365 306 3412 'l'hc
326 3365 384 3408 next
404 3361 547 3422 examplsis
578 3361 625 3408 tiva
635 3361 682 3407 and
693 3361 840 3420 subjunctive
849 3357 1028 3422 onlysraused·

811 3439 833 3478 Ι)
