2372 3758
166 194 223 256 172
539 194 743 254 EPISTOLA

204 351 292 411 XIV.
313 354 362 409 40.
384 350 442 409 Sed
462 350 599 428 quoniam
620 350 730 429 primus
754 369 850 409 annus
871 347 979 408 habuit
1002 349 1039 409 de
1059 349 1113 408 hac

164 441 387 520 reprehensione
408 441 567 519 plurimum
588 440 736 512 sermonis,
751 441 836 500 credo
856 446 1013 520 propterea
1033 441 1112 518 quod

164 532 220 590 tibi
242 531 393 590 hominum
418 531 551 610 injuriae,
573 532 652 608 quod
677 531 822 602 avaritiae,
847 531 925 609 quod
952 531 1112 590 insolentia

164 626 280 700 praeter
306 621 471 700 opinionem
499 622 647 680 accidebat
672 626 702 679 et
724 621 915 680 intolerabilis
938 621 1110 693 videbatur,
1172 659 1173 678 1

165 711 309 770 seecundu
320 717 418 770 autem
431 711 524 770 multo
534 711 636 782 lenior,
647 711 724 789 quod
735 716 765 769 et
779 711 970 782 consuetudo,
982 716 1014 769 et
1023 711 1109 780 ratio,
1172 735 1173 742 ¹

164 807 195 860 et
213 807 248 860 ut
266 821 320 878 ego
340 802 473 874 arbitror,
487 821 568 860 meae
585 821 698 879 quoque
715 801 832 860 litterae
849 807 881 859 te
901 800 1110 879 patientiorem

163 891 359 969 lenioremque
372 891 525 950 fecerunt:
546 891 653 950 tertius
667 911 761 950 annus
774 891 817 948 ita
831 891 918 948 debet
932 910 997 949 esse
1011 910 1108 948 emen·

164 982 259 1054 datus,
273 987 308 1040 ut
321 1001 359 1040 ne
372 981 520 1040 minimam
534 981 650 1058 quidem
664 1001 725 1039 rem
743 981 894 1058 quisquam
907 981 1003 1058 possit
1018 980 1109 1039 ullam

163 1072 383 1150 reprehendere.
423 1076 472 1130 41.
487 1073 533 1130 Ao
543 1072 605 1150 jam
618 1072 749 1130 hocloco
762 1091 824 1128 non
836 1071 1003 1129 hortatione
1013 1089 1108 1147 neque

158 1162 334 1241 praeceptis,
356 1162 407 1221 sed
428 1161 562 1240 precibus
587 1167 685 1220 tecum
708 1161 845 1219 fraternis
869 1174 933 1236 a'go,
954 1165 1054 1219 totum
1073 1165 1109 1218 ut

164 1253 301 1326 animum,
316 1273 422 1326 curam,
437 1252 700 1330 cogitationemque
717 1257 800 1310 tuam
812 1271 904 1329 ponas
925 1251 959 1309 in
977 1251 1108 1310 omnium

163 1345 249 1404 laude
262 1343 391 1422 undique
404 1342 572 1420 colligenda.
616 1343 702 1416 Quod
717 1342 743 1400 si
755 1341 788 1399 in
801 1340 939 1400 mediocri
953 1347 1036 1400 statu
1050 1361 1108 1400 ser-

164 1436 258 1502 monis
281 1456 314 1495 ac
334 1433 556 1514 praedicationis
579 1439 697 1492 nostrae
717 1452 764 1491 res
785 1437 891 1503 essent,
908 1431 984 1489 nihil
1003 1431 1056 1490 abs
1077 1439 1108 1490 te

164 1527 309 1598 eximium,
329 1526 404 1584 nihil
426 1530 542 1603 praeter
565 1523 686 1582 eliorum
710 1518 954 1582 consuetudinem
977 1523 1108 1600 postula·

163 1623 255 1678 retur.
293 1617 383 1676 Nunc
395 1635 463 1676 vero
476 1619 597 1694 propter
610 1634 710 1672 earum
723 1633 821 1672 rerum
834 1612 867 1669 in
880 1612 987 1690 quibus
1000 1613 1108 1671 versati

165 1729 265 1769 sumus
279 1708 462 1786 splendorem
473 1711 504 1765 et
516 1705 756 1782 magnitudinem,
767 1703 825 1762 nisi
836 1723 979 1762 summam
992 1703 1108 1762 laudem

164 1820 200 1858 ex
219 1799 277 1858 ista
294 1798 441 1881 provincia
459 1796 647 1874 assequimur,
660 1795 709 1854 vix
721 1795 853 1854 ridemur
871 1813 1014 1852 summam
1032 1793 1107 1852 vitu-

164 1889 344 1967 perationem
362 1907 448 1964 posse
461 1887 561 1946 vitare.
603 1887 647 1946 Ea
665 1891 768 1945 nostra
787 1885 861 1944 ratio
882 1889 928 1943 est
950 1891 987 1944 ut
1007 1905 1107 1944 omnes

163 1979 234 2039 boni
254 1999 344 2056 quum
364 1977 489 2050 faveant,
510 1983 577 2054 tum
597 1977 685 2036 etiam
705 1996 820 2034 omnem
841 1995 859 2034 a
878 1975 965 2035 nobis
987 1975 1108 2052 diligen·

164 2069 236 2128 tiam
246 2069 441 2146 virtutemque
455 2073 486 2126 et
495 2068 647 2146 postulent
661 2072 692 2126 et
705 2071 883 2144 exspectent,
893 2085 995 2124 omnes
1009 2073 1110 2124 autem

164 2159 289 2238 improbi
308 2159 385 2238 quod
406 2179 474 2218 cum
494 2158 531 2218 iis
553 2158 662 2217 bellum
684 2157 893 2235 sempiternum
917 2156 1110 2234 suscepimus,

164 2252 211 2312 vel
223 2250 342 2310 minima
351 2270 384 2308 re
398 2250 435 2308 ad
444 2247 715 2328 reprehendendum
725 2247 859 2306 contenti
869 2266 933 2306 esse
943 2247 1110 2307 videantur.

165 2347 214 2403 42.
236 2343 334 2418 Quare
355 2340 491 2420 quoniam
512 2338 655 2418 ejusmodi
675 2339 824 2397 theatrum
845 2342 891 2396 est
911 2337 1014 2411 totius,
1035 2337 1112 2396 cele-

165 2435 273 2496 britate
293 2432 524 2503 refertissimum,
542 2428 744 2507 magnitudine
765 2427 984 2506 amplissimum,
997 2428 1113 2507 judicio

165 2555 205 2603 Ad
228 2554 279 2602 Art.
306 2553 337 2600 iv.
361 2553 388 2600 1:
419 2551 478 2598 “ita
504 2555 560 2598 sunt
580 2564 617 2597 res
650 2563 704 2610 sege
719 2562 818 2610 appears
835 2547 891 2594 thus
908 2547 934 2594 in
948 2561 1014 2594 some
1027 2552 1113 2596 texts:

165 2623 272 2665 nostras:
291 2621 320 2664 ut
337 2616 367 2662 in·
381 2615 497 2671 mundis,
514 2613 617 2671 fluxae,''
651 2613 798 2658 “theatrum
834 2611 880 2658 tuis
912 2610 1042 2657 mrtutibus
1076 2619 1117 2659 est

167 2679 457 2736 &c.;andAdFem.xii.
470 2681 493 2725 2.
512 2677 600 2738 Siipfle.
651 2673 759 2722 datum.'’
802 2674 854 2720 The
879 2674 990 2734 meaning
1016 2674 1046 2720 of
1071 2675 1118 2722 the

200 2745 237 2790 14.
259 2742 328 2797 Quod
342 2743 364 2788 α’
381 2744 407 2787 in
425 2742 547 2796 mediocri,
562 2739 617 2800 tro]
651 2739 728 2786 whole
744 2752 841 2798 passage
856 2737 877 2784 is
893 2737 949 2792 this,
961 2737 1003 2783 the
1014 2751 1117 2798 expres.

167 2805 248 2864 Siipfle
259 2818 312 2864 says
326 2804 378 2850 that
388 2804 430 2850 the
440 2803 531 2864 brerity
541 2805 568 2850 of
580 2803 621 2850 the
653 2803 706 2850 sion
720 2801 792 2860 being
807 2800 912 2847 founded
927 2815 960 2846 on
975 2800 1017 2846 the
1028 2802 1119 2849 nonen

166 2866 355 2928 genitireinthis
367 2870 477 2913 mntence
499 2867 620 2924 sermonis,
653 2865 681 2912 of
693 2879 709 2910 a
725 2865 832 2911 theatra:
859 2863 1030 2920 “Whereiore,
1048 2865 1120 2914 mnes

167 2929 222 2992 tac.)
240 2933 327 2976 osnnot
339 2929 368 2976 be
379 2943 462 2990 expres
519 2930 545 2975 in
562 2930 621 2978 Ger·
652 2943 700 2989 you
719 2927 780 2974 have
806 2926 863 2973 such
890 2941 906 2972 a
931 2925 1034 2985 therma
1055 2929 1121 2976 with

166 3008 230 3040 man.
253 2992 544 3052 NorosnitinEnglish.
569 2993 622 3039 The
653 2995 783 3052 spectatore
791 2989 1121 3046 mosterowded,indimen-

167 3056 263 3104 student
274 3055 359 3102 should
373 3054 476 3101 aereus
486 3055 583 3102 himself
590 3070 621 3101 on
653 3056 716 3101 sione
734 3057 799 3100 most
816 3053 901 3113 ample,
920 3052 947 3098 in
964 3053 1122 3103 diso-imina-

166 3119 225 3166 sach
235 3131 351 3177 passages.
652 3118 704 3164 tion
720 3121 784 3162 most
800 3115 925 3176 practised,
936 3115 962 3161 in
979 3116 1013 3162 its
1027 3122 1124 3168 nature

201 3181 332 3227 Theatrum
349 3183 384 3224 ert
401 3179 495 3238 totta]
529 3178 621 3224 Thisis
652 3183 860 3234 toosoresouant,
874 3179 928 3226 that
941 3179 984 3225 the
998 3181 1125 3242 applausu

166 3242 284 3301 evidently
292 3244 395 3300 oomupt.
428 3239 503 3286 Orelli
514 3245 620 3300 suggests
651 3242 699 3288 and
721 3242 804 3289 shouts
826 3256 866 3288 srs
887 3241 977 3288 eohoed
1000 3257 1063 3298 eren
1092 3253 1126 3296 to

165 3306 226 3361 that,
243 3303 377 3360 ifnothing
391 3302 434 3347 has
450 3302 573 3358 beenlost,
585 3317 621 3349 we
652 3303 755 3351 Rome.’'
788 3303 1126 3368 ‘Celebritas'issprined

165 3367 241 3427 ought
250 3365 351 3426 perhaps
361 3369 387 3410 to
397 3363 453 3409 read
464 3368 504 3410 ‘ee
515 3363 619 3411 sortitus'
652 3379 673 3412 c.
685 3368 709 3414 8.

165 3429 268 3490 inplere
282 3426 310 3474 of
323 3424 472 3474 ‘esttotiua’
504 3425 620 3488 Thapsa-
