2362 3756
126 191 166 248 64
454 189 561 248 ΟΑΤΟ
582 188 736 248 MAJOR.

125 343 268 423 Equidem
282 345 386 403 efferor
398 344 495 403 studio
508 349 606 422 patres
619 350 731 403 vestros
752 364 824 422 quos
842 343 918 404 colui
930 348 961 403 et
975 343 1059 404 dilexi

125 435 258 508 videndi;
278 455 373 512 neque
393 455 461 494 vero
482 455 532 494 eos
553 435 646 493 solum
664 435 817 494 convenire
831 454 900 494 aveo
913 454 985 512 quos
998 435 1059 512 ipse

126 525 254 602 cognovi,
269 525 321 584 sed
341 526 406 584 illos
428 525 516 584 etiam
538 525 573 584 de
595 525 699 607 quibus
721 521 818 584 audivi
838 531 869 583 et
883 525 942 602 legi
954 531 985 584 et
998 525 1059 603 ipse

125 615 291 692 conscripsi.
330 615 396 689 Quo
406 615 521 692 quidem
532 635 578 673 me
589 615 820 692 proficiscentem
828 615 904 674 haud
916 635 986 674 sene
996 616 1058 692 quis

124 706 208 765 facile
220 705 382 776 retraxerit,
388 725 485 784 ¹neque
498 711 646 782 tamquam
660 705 769 764 Peliam
782 705 932 764 recoxerit.
974 705 1059 778 Quod

126 797 151 856 si
164 796 228 874 quis
242 797 324 855 Deus
338 796 409 853 mihi
427 795 567 872 largiatur
586 801 622 854 ut
636 815 672 853 ex
685 796 738 854 hac
751 800 848 854 aetate
860 814 1058 872 repuerascam

125 891 156 946 et
168 886 201 944 in
214 887 297 944 cunis
309 885 429 962 vagiem,
443 885 525 944 valde
542 905 672 944 recusem
685 910 692 958 ;
711 905 767 944 nec
785 905 854 944 vero
873 885 957 944 velim
978 886 1059 962 quasi

125 977 246 1036 decurso
269 977 362 1054 spatio
386 977 423 1035 ad
445 995 573 1034 carceres
596 996 614 1034 a
636 977 713 1034 ealce
735 975 871 1034 revocari.
912 978 959 1034 84.
982 975 1059 1049 Quid

125 1067 203 1126 enirn
215 1067 304 1125 habet
317 1067 377 1125 vita
390 1065 554 1125 commodi?
583 1066 653 1144 quid
665 1087 725 1126 non
738 1066 836 1145 potius
846 1065 976 1124 laboris?
1003 1066 1059 1125 Sed

124 1158 230 1216 habeat
253 1177 340 1217 sane:
361 1157 449 1216 habet
472 1163 551 1216 certe
571 1163 671 1215 tamen
687 1162 739 1216 aut
758 1157 922 1214 satietatem
935 1159 987 1214 aut
1000 1176 1059 1214 mo·

125 1249 203 1307 dum.
244 1249 316 1308 Non
334 1249 417 1306 lubet
435 1247 511 1306 enim
525 1247 597 1305 mihi
611 1247 760 1325 deplorare
772 1247 869 1319 vitam,
884 1246 962 1324 quod
974 1247 1060 1306 multi

125 1345 156 1398 et
169 1339 191 1397 ii
204 1339 283 1398 docti
296 1343 380 1416 saepe
393 1339 544 1397 fecerunt:
565 1358 660 1415 neque
672 1357 719 1396 me
729 1336 833 1394 vixisse
842 1336 981 1413 poenitet,
991 1357 1059 1415 quo·

124 1430 203 1488 niam
216 1429 259 1488 ita
271 1429 329 1488 vixi
346 1435 457 1487 utnon
474 1429 584 1487 frustra
601 1448 647 1486 me
664 1433 768 1486 natum
783 1425 944 1484 existimem
953 1451 960 1498 ;
981 1433 1012 1486 et
1025 1448 1059 1486 ex
1159 1423 1164 1438 '

124 1520 184 1578 vita
204 1520 247 1578 ita
270 1520 383 1578 discedo
405 1525 552 1596 tamquam
573 1539 608 1577 ex
628 1518 765 1596 hospiti0,'
777 1537 839 1578 non
857 1522 1005 1596 tamquam
1024 1539 1059 1576 ex

125 1610 218 1669 domo.
261 1609 464 1668 commorandi
476 1609 554 1666 enim
567 1614 673 1667 natura
686 1608 881 1669 deversorium
893 1609 987 1680 nobis,
998 1629 1059 1667 non

124 1700 274 1759 habitandi
292 1700 380 1758 dedit.
422 1703 469 1758 85.
492 1699 518 1758 O
540 1700 718 1776 praeclarum
736 1700 812 1760 diem
831 1722 921 1779 quum
937 1701 974 1759 ad
987 1700 1060 1759 illud

125 1789 253 1848 dinnum
262 1790 423 1847 animorum
433 1789 586 1847 concilium
594 1795 766 1867 coetumque
775 1792 947 1869 proficiscar,
958 1811 1058 1868 quum·
1145 1819 1150 1826 ·

124 1899 180 1957 que
194 1899 229 1937 ex
242 1878 296 1937 heo
309 1878 397 1937 turba
410 1883 441 1937 et
451 1879 611 1938 colluvione
622 1879 781 1939 discedam!
804 1881 972 1940 Proficiscar
981 1881 1060 1940 enim

123 1989 184 2028 non
198 1969 234 2028 ad
247 1988 297 2027 eos
311 1969 404 2027 solum
424 1969 501 2026 viros
520 1968 556 2027 de
575 1969 680 2046 quibus
693 1976 763 2030 ante
777 1971 843 2043 dixi,
857 1991 957 2030 verum
971 1971 1060 2030 etiam

124 2059 161 2119 nd
176 2061 317 2120 Catonem
334 2079 438 2132 meum,
452 2079 509 2137 quo
527 2079 613 2120 nemo
625 2061 670 2119 vir
689 2063 791 2121 melior
803 2067 891 2122 nahas
905 2068 960 2134 est,
973 2082 1059 2121 nemo

123 2214 190 2262 there
200 2228 240 2261 are
251 2228 321 2274 many
329 2212 446 2274 examples
456 2212 482 2259 in
493 2211 574 2260 Cicero
606 2213 725 2272 Phormio,
736 2215 760 2262 ii.
774 2215 795 2271 1,
809 2217 871 2264 19-

124 2277 152 2324 ⁰f
160 2277 312 2324 mmmm
320 2275 452 2351 'lhi0h‚⁶l⁸’⁹
463 2291 489 2322 ³⁸
502 2275 573 2330 ‘⁰⁰⁰¹'
607 2303 623 2329 ‘⁴
631 2301 859 2351 Quodsitibireseit
867 2316 921 2348 cum
929 2315 957 2347 eo
965 2301 1051 2348 lenone

111 2342 144 2392 is
164 2340 296 2388 contr-ested
313 2340 369 2386 with
386 2339 454 2386 ‘ille’
473 2353 499 2386 as
521 2339 576 2388 ‘the
631 2365 825 2425 quocummifflp
845 2363 1018 2412 mmmm„
1053 2334 1059 2358 '

124 2405 208 2452 other!
236 2403 320 2464 Comp.
329 2403 448 2450 DeOr.ii.
457 2403 497 2458 72:
511 2406 526 2430 “
536 2417 576 2450 eos
826 2398 832 2421 ¹

124 2469 187 2514 locos
196 2467 337 2530 quibus—et
344 2467 396 2513 illos
404 2465 519 2527 quibus;”
528 2465 574 2512 end
637 2467 680 2513 Aa
690 2481 823 2514 carcerare
834 2467 910 2528 calce]
931 2467 983 2514 The
994 2471 1060 2514 ‘car-

125 2531 170 2578 Pro
189 2531 233 2578 Cn.
251 2530 353 2585 Plancio,
369 2545 389 2576 c.
408 2532 431 2578 3.
464 2529 575 2584 Terence,
607 2528 831 2590 eer.’or‘placeof
844 2530 1062 2586 inclosure‚'isthe

125 2593 244 2640 Heauton.
261 2594 277 2639 i.
289 2597 313 2649 2,
330 2595 376 2640 21:
395 2592 512 2643 “Quinti
523 2592 574 2648 scit,
607 2593 673 2652 place
694 2592 755 2639 from
777 2593 852 2639 which
872 2594 914 2640 the
932 2594 1014 2641 horsea
1032 2609 1062 2640 or

123 2657 146 2702 ei
157 2657 232 2712 bona3
248 2657 290 2711 illi,
301 2656 342 2716 qui
355 2669 404 2702 non
417 2655 491 2701 utitur
504 2659 574 2710 reete,
608 2656 946 2704 chanotsstartedinaraeer

124 2719 209 2765 mala.''
236 2718 364 2764 ‘ille'has
374 2718 456 2778 hardly
467 2718 498 2764 its
509 2718 575 2764 strict
607 2743 703 2790 ..Runa
730 2743 1062 2790 neeffusioemmn

124 2781 305 2828 demonstrative
324 2795 367 2828 use
387 2781 413 2826 in
434 2781 500 2826 these
520 2795 574 2840 pas-
704 2747 731 2804 iq
761 2805 815 2868 (vit
850 2807 938 2854 Amisi
958 2821 974 2854 v
995 2805 1063 2870 1⁴5)

124 2859 198 2904 seges,
215 2848 298 2902 except
314 2843 413 2902 perhaps
429 2843 454 2888 in
469 2842 510 2890 the
520 2857 575 2904 pas-
814 2823 837 2868 3⁸
940 2839 947 2853 ‘
975 2839 981 2853 ’
1043 2841 1049 2854 ”

125 2921 178 2966 suge
189 2906 250 2952 from
260 2907 302 2953 the
313 2906 358 2951 Pro
370 2905 472 2952 Plancio.
607 2904 659 2950 'l'he
670 2902 766 2960 ‘meta'
777 2919 805 2952 or
815 2905 876 2952 limit
891 2905 919 2952 cf
926 2905 967 2953 the
978 2921 1064 2954 course

158 2971 186 3017 an·
208 2968 423 3030 que-turpetur]
475 2967 505 3014 In
526 2967 574 3014 this
605 2966 813 3014 inthacircuswas
821 2969 917 3016 marked
926 2969 1065 3016 withchalk

124 3033 266 3080 conditional
285 3036 402 3086 sentence,
421 3030 462 3078 the
480 3035 575 3092 present
606 3045 633 3077 or
643 3029 698 3076 lime
710 3028 792 3092 (mate,
809 3030 880 3094 calx),
891 3032 945 3080 that
954 3032 974 3078 it
984 3033 1066 3092 might

124 3096 184 3142 form
213 3095 240 3140 of
266 3095 307 3140 the
331 3094 452 3140 condition
483 3095 504 3140 is
536 3109 574 3140 re-
606 3093 636 3140 be
653 3107 719 3140 more
731 3095 892 3155 conspicuous.
911 3094 982 3155 (Plin.
996 3095 1064 3142 Hist.

124 3157 229 3218 sponded
250 3161 276 3204 to
296 3157 329 3217 hy
347 3156 388 3202 the
403 3162 498 3217 present
514 3156 574 3203 form
605 3157 663 3204 Nat
670 3171 739 3203 xxxv.
749 3158 785 3213 17,
792 3157 839 3204 and
847 3157 976 3204 Harduin's
983 3156 1065 3220 note.)

123 3219 506 3280 oltheoorrespondingmember.
522 3219 575 3266 Th0
607 3220 695 3266 Seneca
721 3233 773 3280 says
796 3219 851 3281 (Ep.
877 3220 941 3280 1⁰8),
965 3221 1067 3268 “Hanc

124 3283 224 3342 English
234 3283 305 3328 idiom
316 3297 370 3328 uses
382 3281 430 3330 this
441 3282 516 3329 form:
534 3282 578 3329 “if
606 3297 678 3344 quam
695 3297 758 3330 nunc
774 3283 800 3330 in
814 3283 875 3330 circo
891 3287 979 3330 cretam
990 3297 1066 3332 voca-

124 3360 139 3392 ι
149 3345 212 3405 deity
222 3359 282 3391 were
291 3350 317 3391 to
328 3344 397 3390 make
407 3359 446 3392 me
456 3345 498 3392 the
508 3345 574 3402 offer,
606 3343 685 3393 mua.'’

125 3407 223 3456 Iwould
230 3407 302 3468 reject
309 3406 354 3456 it.”
371 3407 573 3470 Complsreuoe,
